@ARTICLE{Opp_Security11,
	AUTHOR = "R. Oppliger",
	TITLE = "Security and Privacy in an Online World",
	JOURNAL = "IEEE Computer",
	VOLUME = {44},
	NUMBER = {9},
	PAGES = {21-22},
	MONTH = "September",
	YEAR = {2011}	
}

@BOOK{Adams_Users05,
	AUTHOR       = "A. Adams and A.S. Sasse",
	TITLE        = "Users are not the enemy",
	PUBLISHER    = "O\'Reilly Associations",
	YEAR         = "2005",
	SERIES       = "Security and Usability: Designing Systems That People Can Use"
}

@BOOK{Schu_SecPatterns05,
	AUTHOR       = "M. Schumacher and E. Fernandez-Buglioni and D. Hybertson and F. Buschmann and P. Sommerlad",
	TITLE        = "Security Patterns: Integrating Security and Systems Engineering",
	PUBLISHER    = "John Wiley \& sons",
	YEAR         = "2005",
}

@MISC{IBM_tool,
	AUTHOR       = "IBM",
	TITLE        = "Hosted Mobile Device Security Management",
	NOTE         = "http://www-935.ibm.com/services/us/en/it-services/managed-security-services-cloud-computing-hosted-mobile-device-security-management.html"
}

@MISC{Sophos_tool,
	AUTHOR       = "Sophos",
	TITLE        = "Mobile Control",
	NOTE         = "http://www.sophos.com/en-us/products/mobile-control.aspx"
}

@MISC{Good_tool,
	AUTHOR       = "Good Technology",
	TITLE        = "BYOD Solution",
	NOTE         = "http://www1.good.com/secure-mobility-solution/bring-your-own-device.html"
}

@MISC{Samsung_tool,
	AUTHOR       = "Samsung",
	TITLE        = "KNOX",
	NOTE         = "http://www.samsung.com/global/business/mobile/solution/security/samsung-knox"
}

@MISC{Blackberry_tool,
	AUTHOR       = "Blackberry",
	TITLE        = "Blackberry Balance",
	NOTE         = "http://es.blackberry.com/business/software/blackberry-balance.html"
}

% ---------------- Risk and Trust ---------------------

@INPROCEEDINGS{RT2AE_SOTICS13,
	AUTHOR       = "J.-M. Seigneur and  P. Kölndorfer and M. Busch and C. Hochleitner",
	TITLE        = "A Survey of Trust and Risk Metrics for a BYOD Mobile Working World",
	BOOKTITLE    = "Third International Conference on Social Eco-Informatics (SOTICS 2013)",
	YEAR         = "2013",
	PAGES        = "To Appear",
	PUBLISHER    = "Curran Associates Inc.",
	MONTH        = "November"
}

% ----------------------- Event Correlation --------------------------

@TECHREPORT{SurveyEventCorrelation_Tiffany02,
	AUTHOR       = "M. Tiffany",
	TITLE        = "A Survey of Event Correlation Techniques and Related Topics",
	INSTITUTION  = "Georgia Institute of Technology",
	YEAR         = "2002",
	TYPE         = "Research Paper"
}

@BOOK{EventProcessing_Luckham02,
	AUTHOR       = "D. Luckham",
	TITLE        = {The Power of Events: An Introduction to Complex Event Processing in Distributed Enterprise Systems},
	PUBLISHER    = "Addison-Wesley",
	YEAR         = "2002",
	ADDRESS      = "MA, USA"
}

@BOOK{EventProcessing_Luckham12,
	AUTHOR       = "D. Luckham",
	TITLE        = {Event Processing for Business: Organizing the Real-Time Enterprise},
	PUBLISHER    = "Wiley",
	YEAR         = "2012",
	ADDRESS      = "USA"
}


% ----------------------- Computational Intelligence --------------------------

@book{GP_Koza92,
    author  = {J. R. Koza},
    title   = {Genetic Programming: On the programming of computers by means of natural selection},
    publisher   = {MIT Press},
    year    = 1992,
    address = {Cambridge, MA},
}

@book{GAs_Michalewicz96,
	title = {Genetic Algorithms + Data Structures = Evolution Programs},
	author = {Zbigniew Michalewicz},
	publisher = {Springer},
	edition= "Third",
	year = {1996}
}

@book{GAs_Goldberg89,
  author = 	 "David E. Goldberg",
  title = 	 "Genetic Algorithms in search, optimization and
		  machine learning",
  publisher = 	 "Addison Wesley",
  year = 	 1989
}

@Book{EAs_Back96,
  author =    "T. Back",
  title =     "Evolutionary algorithms in theory and practice",
  publisher = "Oxford University Press",
  year =      1996
}

% -------------- Data Mining and Machine Learning ----------------

@ARTICLE{PatternMining_Han07,
	 author = {Han, Jiawei and Cheng, Hong and Xin, Dong and Yan, Xifeng},
 title = {Frequent Pattern Mining: Current Status and Future Directions},
 journal = {Data Min. Knowl. Discov.},
 volume = {15},
 number = {1},
 year = {2007},
 pages = {55--86},
 publisher = {Kluwer Academic Publishers},
 address = {Hingham, MA, USA}
} 

@article{FeatureSelection_Guyon03,
 author = {Guyon, Isabelle and Elisseeff, Andr{\'e}},
 title = {An Introduction to Variable and Feature Selection},
 journal = {J. Mach. Learn. Res.},
 volume = {3},
 year = {2003},
 pages = {1157--1182},
 publisher = {JMLR.org}
} 

@article{Clustering_Jain99,
 author = {Jain, A. K. and Murty, M. N. and Flynn, P. J.},
 title = {Data Clustering: A Review},
 journal = {ACM Comput. Surv.},
 issue_date = {Sept. 1999},
 volume = {31},
 number = {3},
 month = sep,
 year = {1999},
 pages = {264--323},
 publisher = {ACM}
} 

@ARTICLE{Clustering_Xu05,
	AUTHOR       = "R. Xu and D. Wunsch",
	TITLE        = "Survey of clustering algorithms",
	JOURNAL      = "IEEE Transactions on Neural Networks",
	YEAR         = "2005",
	VOLUME       = "16",
	NUMBER       = "3",
	PAGES        = "645--678"
}

@BOOK{MachineLearning_Bishop06,
	AUTHOR       = "C.M. Bishop",
	TITLE        = "Pattern recognition and Machine Learning",
	PUBLISHER    = "Springer",
	YEAR         = "2006"
}

@ARTICLE{DataMining_Lee01,
	AUTHOR       = "Sang Jun Lee and Keng Siau",
	TITLE        = "A review of data mining techniques",
	JOURNAL      = "Industrial Management \& Data Systems",
	YEAR         = "2001",
	VOLUME       = "101",
	NUMBER       = "1",
	PAGES        = "41--46"
}
