% This file was created with JabRef 2.9.2.
% Encoding: Cp1252

@ARTICLE{Briggs:2008:FGP:1375341.1375345,
  author = {Briggs, Forrest and O'Neill, Melissa},
  title = {Functional genetic programming and exhaustive program search with
	combinator expressions},
  journal = {Int. J. Know.-Based Intell. Eng. Syst.},
  year = {2008},
  volume = {12},
  pages = {47--68},
  number = {1},
  month = jan,
  acmid = {1375345},
  address = {Amsterdam, The Netherlands, The Netherlands},
  issn = {1327-2314},
  issue_date = {January 2008},
  numpages = {22},
  publisher = {IOS Press},
  url = {http://dl.acm.org/citation.cfm?id=1375341.1375345}
}

@INPROCEEDINGS{Hawkins:2001:GFG:872017.872197,
  author = {Hawkins, John and Abdallah, Ali},
  title = {A Generic Functional Genetic Algorithm},
  booktitle = {Proceedings of the ACS/IEEE International Conference on Computer
	Systems and Applications},
  year = {2001},
  series = {AICCSA '01},
  pages = {11--},
  address = {Washington, DC, USA},
  publisher = {IEEE Computer Society},
  acmid = {872197},
  isbn = {0-7695-1165-1},
  url = {http://dl.acm.org/citation.cfm?id=872017.872197}
}

@ARTICLE{SutterL05,
  author = {{Herb Sutter and James R. Larus}},
  title = {{Software and the concurrency revolution}},
  journal = {ACM Queue},
  year = {2005},
  volume = {3},
  pages = {54-62},
  number = {7},
  citedby = {0},
  cites = {0},
  doi = {http://doi.acm.org/10.1145/1095408.1095421},
  researchr = {http://researchr.org/publication/SutterL05}
}

@INPROCEEDINGS{Huelsbergen:1996:TSE:1595536.1595579,
  author = {Huelsbergen, Lorenz},
  title = {Toward simulated evolution of machine-language iteration},
  booktitle = {Proceedings of the First Annual Conference on Genetic Programming},
  year = {1996},
  series = {GECCO '96},
  pages = {315--320},
  address = {Cambridge, MA, USA},
  publisher = {MIT Press},
  acmid = {1595579},
  isbn = {0-262-61127-9},
  location = {Stanford, California},
  numpages = {6},
  url = {http://dl.acm.org/citation.cfm?id=1595536.1595579}
}

@INPROCEEDINGS{walsh:1999:AFSFESIHLP,
  author = {Walsh, Paul},
  title = {A Functional Style and Fitness Evaluation Scheme for Inducting High
	Level Programs},
  booktitle = {Proceedings of the Genetic and Evolutionary Computation Conference},
  year = {1999},
  editor = {Banzhaf, Wolfgang and Daida, Jason and Eiben, Agoston E. and Garzon,
	Max H. and Honavar, Vasant and Jakiela, Mark and Smith, Robert E.},
  volume = {2},
  pages = {1211--1216},
  address = {Orlando, Florida, USA},
  month = {13-17 July},
  publisher = {Morgan Kaufmann},
  added-at = {2008-06-19T17:35:00.000+0200},
  biburl = {http://www.bibsonomy.org/bibtex/266c2735d0ef8fb1b34c78b4f2033b64f/brazovayeye},
  interhash = {ecbfde6a0c70567199dbfb40007099e0},
  intrahash = {66c2735d0ef8fb1b34c78b4f2033b64f},
  isbn = {1-55860-611-4},
  keywords = {algorithms, and evolvable genetic hardware programming},
  notes = {GECCO-99 A joint meeting of the eighth international conference on
	genetic algorithms (ICGA-99) and the fourth annual genetic programming
	conference (GP-99)},
  publisher_address = {San Francisco, CA 94104, USA},
  timestamp = {2008-06-19T17:35:00.000+0200},
  url = {http://www.cs.bham.ac.uk/~wbl/biblio/gecco1999/GP-455.ps}
}

@INPROCEEDINGS{YuCl98PolyGP,
  author = {Yu, T. and Clack, C.},
  title = {Poly{GP}: {A} Polymorphic Genetic Programming System in Haskell},
  booktitle = {Proceedings of the Conference on Genetic Programming},
  year = {1998},
  pages = {416--427},
  publisher = {Morgan Kaufmann},
  added-at = {2008-11-20T19:01:42.000+0100},
  biburl = {http://www.bibsonomy.org/bibtex/2ec925d6a1a1ef73d688f30bf04c160d8/emanuel},
  description = {a genetic programming system in Haskell using higher-order functions
	in order to evolve implicitly recursive programs},
  interhash = {bbbaf301e61689de8449daaf862f0999},
  intrahash = {ec925d6a1a1ef73d688f30bf04c160d8},
  keywords = {PolyGP enumerative_ip gp higher-order_functions induction inductive_programming
	program_evolution program_synthesis},
  timestamp = {2008-11-20T19:01:42.000+0100},
  url = {http://www.cs.mun.ca/~tinayu/index_files/addr/public_html/pgp.new.pdf}
}

