@inproceedings{HETEROGENEOUSPARAMETERS,
  author    = {Y. Gong and
               A. Fukunaga},
  title     = {Distributed island-model genetic algorithms using heterogeneous
               parameter settings},
  booktitle     = {Proceedings of the IEEE Congress on Evolutionary Computation,
               CEC 2011, New Orleans, LA, USA, 5-8 June, 2011},
  publisher = {IEEE},
  year      = {2011},
  pages     = {820-827},

}

 @article{HETEROGENEOUSHARD,
title = {Heterogeneous Computing and Parallel Genetic Algorithms},
journal = {Journal of Parallel and Distributed Computing},
volume = {62},
number = {9},
pages = {1362 - 1385},
year = {2002},
author = {E. Alba and A. J. Nebro and J. M. Troya},
}


@inproceedings{goldberg92massive,
    author = "D. E. Goldberg and K. Deb and J. Horn",
    title = "Massive Multimodality, Deception, and Genetic Algorithms",
    booktitle = "Parallel Problem Solving from Nature, 2",
    publisher = "Elsevier Science Publishers, B. V.",
    address = "Amsterdam",
    editor = "{R. M\"{a}nner} and B. Manderick",
    year = "1992",
  pages =    "37-48",
    url = "citeseer.ist.psu.edu/goldberg92massive.html" }

    @incollection{HYDROCM,
year={2013},
booktitle={Hybrid Metaheuristics},
volume={434},
series={Studies in Computational Intelligence},
editor={Talbi, El-Ghazali},
title={{HydroCM}: A Hybrid Parallel Search Model for Heterogeneous Platforms},
publisher={Springer Berlin Heidelberg},
author={Dom\'inguez, J. and Alba, E.},
pages={219-235},
}

@inproceedings{HETEROGENEOUSTOPOLOGY,
 author = {Gong, Y. and Nakamura, M. and Tamaki, S.},
 title = {Parallel genetic algorithms on line topology of heterogeneous computing resources},
 booktitle = {Proceedings of the 2005 conference on Genetic and evolutionary computation},
 series = {GECCO '05},
 year = {2005},
pages = {1447--1454},
publisher = {ACM},
 address = {New York, NY, USA},
}

@InProceedings{ONEMAX,
  author =       "J.D. Schaffer and L.J. Eshelman",
  title =        "{On Crossover as an Evolutionary Viable Strategy}",
  editor =       "R.K. Belew and L.B. Booker",
  booktitle =    "{Proceedings of the 4th International Conference on Genetic Algorithms}",
  pages =        "61-68",
  publisher =    "Morgan Kaufmann",
  year =         "1991",
}

@article{OPENSCIENCEGRID,
Author = {Altunay, M. and Avery, P. and Blackburn, K. and Bockelman, B.
   and Ernst, M. and Fraser, D. and Quick, R. and Gardner,
   R. and Goasguen, S. and Levshina, T. and Livny, M. and
   McGee, J. and Olson, D. and Pordes, R. and Potekhin, M. and
   Rana, A. and Roy, A. and Sehgal, C. and Sfiligoi, I.
   and Wuerthwein, F. and {Open Sci Grid Executive Board}},
Title = {{A Science Driven Production Cyberinfrastructure-the Open Science Grid}},
Journal = {{Journal of GRID Computing}},
Year = {{2011}},
Volume = {{9}},
Number = {{2, Sp. Iss. SI}},
Pages = {{201-218}},
Month = {{JUN}},
DOI = {{10.1007/s10723-010-9176-6}},
ISSN = {{1570-7873}},
Unique-ID = {{ISI:000290177900006}},
}

@article{CLOUD,
 author = {Buyya, R. and Yeo, C. S. and Venugopal, S. and Broberg, J. and Brandic, I.},
 title = {Cloud computing and emerging IT platforms: Vision, hype, and reality for delivering computing as the 5th utility},
 journal = {Future Gener. Comput. Syst.},
 volume = {25},
 issue = {6},
 month = {June},
 year = {2009},
 issn = {0167-739X},
 pages = {599--616},
 numpages = {18},
 url = {http://portal.acm.org/citation.cfm?id=1528937.1529211},
 doi = {10.1016/j.future.2008.12.001},
 acmid = {1529211},
 publisher = {Elsevier Science Publishers B. V.},
 address = {Amsterdam, The Netherlands, The Netherlands},
 keywords = {Cloud computing, Data Centers, Market-oriented resource allocation, Utility computing, Virtualization},
}

@article{TUTORIAL,
  author    = {J. Derrac and
               S. Garc\'{\i}a and
               D. M. and
               F. Herrera},
  title     = {A practical tutorial on the use of nonparametric statistical
               tests as a methodology for comparing evolutionary and swarm
               intelligence algorithms},
  journal   = {Swarm and Evolutionary Computation},
  volume    = {1},
  number    = {1},
  year      = {2011},
  pages     = {3-18},
}

@article{PARAMETERTUNING,
  author    = {A. E. Eiben and
               Selmar K. Smit},
  title     = {Parameter tuning for configuring and analyzing evolutionary
               algorithms},
  journal   = {Swarm and Evolutionary Computation},
  volume    = {1},
  number    = {1},
  year      = {2011},
  pages     = {19-31},
  ee        = {http://dx.doi.org/10.1016/j.swevo.2011.02.001},
  bibsource = {DBLP, http://dblp.uni-trier.de}
}

@inproceedings{EVALUATIONPARALLEL,
author = {Alba, E. and Luque, G.},
title = {Evaluation of Parallel Metaheuristics},
booktitle = {Parallel Problem Solving from Nature (PPSN)}, 
year={2006},
pages={9-14},
series={LNCS},
volume={4193},
editor = {Springer},
}

@article{OSGILIATHnoanonimo,
year={2013},
issn={1432-7643},
journal={Soft Computing},
doi={10.1007/s00500-013-0999-5},
title={Service oriented evolutionary algorithms},
url={http://dx.doi.org/10.1007/s00500-013-0999-5},
publisher={Springer-Verlag},
keywords={Evolutionary algorithms; Service oriented architecture; Service oriented science; Web services; Interoperability; Distributed computing},
author={Garc{\'i}a-S{\'a}nchez, P. and Gonz{\'a}lez, J. and Castillo, P.A. and Arenas, M.G. and Merelo-Guerv{\'o}s, J.J.},
pages={1-17},
note={In press.},
language={English}
}

@article{OSGILIATHNICSOnoanonimo,
  title={{A Distributed Service Oriented Framework for Metaheuristics Using a Public Standard}},
  author={Garc{\'\i}a-S{\'a}nchez, P. and Gonz{\'a}lez, J. and Castillo, P. and Merelo, J. and Mora, A. and Laredo, J. and Arenas, M.},
  journal={Nature Inspired Cooperative Strategies for Optimization (NICSO 2010)},
  pages={211--222},
  year={2010},
  publisher={Springer}
}

@article{OSGILIATHNICSO,
  title={{A secret framework}},
  author={Nonymous, A.},
  journal={Secret conference},
  year={2010},
}

@article{OSGILIATH,
  title={{A secret service oriented framework for eas}},
  author={Nonymous, A.},
  journal={Secret Journal},
  year={2013},
}
@article{HETEROGENEOUSMIGRATION,
year={2012},

journal={Applied Intelligence},
volume={36},
issue={4},
title={Designing heterogeneous distributed GAs by efficiently self-adapting the migration period},
publisher={Springer US},
keywords={Distributed GAs; Heterogeneity; Migration period},
author={Salto, C. and Alba, E.},
pages={800-808},
}

@inproceedings{GLOBUS,
Author = {Foster, I.},
Editor = {{Jin, H and Reed, D and Jiang, W}},
Title = {{Globus Toolkit version 4: Software for service-oriented systems}},
Booktitle = {{Network and Parallel Computing Proceedings}},
Series = {{Lecture Notes in Computer Science}},
Year = {{2005}},
Volume = {{3779}},
Pages = {{2-13}},
}

@INPROCEEDINGS{PARALLELIMPLEMENTATION, 
author={Garamendi, J.F. and Bosque, J.L.}, 
booktitle={Parallel and Distributed Processing Symposium, 2006. IPDPS 2006. 20th International}, title={Parallel implementation of evolutionary strategies on heterogeneous clusters with load balancing}, 
year={2006}, 
month={april}, 
volume={}, 
number={}, 
pages={8 pp.}, 
}

@article {PAPAZOGLOU,
   author = {Papazoglou, M. and van den Heuvel, W.-J.},
   affiliation = {Tilburg University INFOLAB PO Box 90500 5000 LE Tilburg The Netherlands},
   title = {Service oriented architectures: approaches, technologies and research issues},
   journal = {The VLDB Journal},
   publisher = {Springer Berlin / Heidelberg},
   issn = {1066-8888},
   keyword = {Computer Science},
   pages = {389-415},
   volume = {16},
   issue = {3},
   note = {10.1007/s00778-007-0044-3},
   year = {2007}
}

@article{SERVICEORIENTEDSCIENCE05,
  title={Service-oriented science},
  author={Foster, I.},
  journal={Science},
  volume={308},
  number={5723},
  pages={814},
  year={2005},
  publisher={American Association for the Advancement of Science}
}


@misc{OSGI,
	author={{OSGi Alliance}},
	year={2010},
	title={{OSGi} Service Platform Release 4.2},
	note={Available at: \url{http://www.osgi.org/Release4/Download}}}




@article{GENERICITY05,
  title={Genericity in evolutionary computation software tools: Principles and case-study},
  author={Gagn{\'e}, C. and Parizeau, M.},
  journal={International Journal on Artificial Intelligence Tools},
  volume={15},
  number={2},
  pages={173},
  year={2006},
  publisher={Citeseer}
}

@article {PERL,
   author = {Merelo Guerv\'os, J.J. and Castillo, P. and Alba, E.},
   affiliation = {Universidad de Granada Depto. Arquitectura y Tecnología de Computadores, ETS Ingenierías Informática y Telecomunicaciones Granada Spain},
   title = {Algorithm::Evolutionary, a flexible {P}erl module for evolutionary computation},
   journal = {Soft Computing - A Fusion of Foundations, Methodologies and Applications},
   publisher = {Springer Berlin / Heidelberg},
   issn = {1432-7643},
   keyword = {Computer Science},
   pages = {1091-1109},
   volume = {14},
   issue = {10},
   year = {2010}
}

@inproceedings{JMETAL,
  author    = {J. J. Durillo and
               A. J. Nebro and
               E. Alba},
  title     = {The jMetal framework for multi-objective optimization: Design
               and architecture},
  booktitle = {IEEE Congress on Evolutionary Computation},
  year      = {2010},
  pages     = {1-8},

}

@InProceedings{DREAM,
 		  author = 	 { M.G. Arenas and Pierre Collet and
                   A.E. Eiben and M\'ark Jelasity and J. J. Merelo and
                   Ben Paechter and Mike Preu\ss and Marc Schoenauer}, 
 		    title = 	 {A Framework for Distributed Evolutionary Algorithms},
	booktitle={Parallel Problem Solving from Nature, PPSN VII},
 pages = {665--675},
 year={2002},

}

@article{PARADISEO,
  title={{A software framework based on a conceptual unified model for evolutionary multiobjective optimization: ParadisEO-MOEO}},
  author={Liefooghe, A. and Jourdan, L. and Talbi, E.G.},
  journal={European Journal of Operational Research},
  issn={0377-2217},
  year={2010},
  publisher={Elsevier}
}

@article{MALLBA,
 author={Alba,E. and Almeida,F. and Blesa,M. and Cotta,C. and D{\'i}az,M. and Dorta,I. and Gabarr{\'o},J. and Le{\'o}n,C. and Luque,G. and Petit,J. and Rodr{\'i}guez,C. and Rojas,A. and Xhafa,F.},
 year={2006},
 title={Efficient parallel {LAN/WAN} algorithms for optimization. The {MALLBA} project},
 journal={Parallel Computing},
 volume={32},
 number={5-6},
 pages={415-440},
 
 
}
}


@inproceedings{HEURISTICLAB,
Author = {Wagner, S. and Affenzeller, M.},
Editor = {{Ribeiro, B. and Albrecht, R.F. and Dobnikar, A. and Pearson, D.W. and Steele, N.C.}},
Title = {{HeuristicLab: A generic and extensible optimization environment}},
Booktitle = {{Adaptive and Natural Computing Algorithms}},
Series = {{Springer Computer Science}},
Year = {{2005}},
Pages = {{538-541}},
Note = {{7th International Conference on Adaptive and Natural Computing
   Algorithms (ICANNGA), Coimbra, Portugal, MAR 21-23, 2005}},
}

@Misc{ECJ,
   title={{ECJ: A Java-based Evolutionary Computation and Genetic Programming Research System}},
   author={Luke, S. and others},
   note={Available at  \url{http://www. cs. umd. edu/projects/plus/ec/ecj}},
   year= 2009
 }


@article{JCLEC,
Author = {Ventura, S. and Romero, C. and Z., Amelia and Delgado,
   J. A. and Hervas, C.},
Title = {{JCLEC: a Java framework for evolutionary computation}},
Journal = {{Soft Computing}},
Year = {{2008}},
Volume = {{12}},
Number = {{4}},
Pages = {{381-392}},
Month = {{FEB}},
}

@article{MPI,
Author = {Gropp, W. and Lusk, E. and Doss, N. and Skjellum, A.},
Title = {{A high-performance, portable implementation of the MPI message passing
   interface standard}},
Journal = {{Parallel Computing}},
Year = {{1996}},
Volume = {{22}},
Number = {{6}},
Pages = {{789-828}},
Month = {{SEP}},

}



@incollection {PLUGINS,
   author = {Wagner, S. and Winkler, S. and Pitzer, E. and Kronberger, G. and Beham, A. and Braune, R. and Affenzeller, M.},
   affiliation = {Department of Software Engineering, Upper Austrian University of Applied Sciences},
   title = {Benefits of Plugin-Based Heuristic Optimization Software Systems},
   booktitle = {Computer Aided Systems Theory - EUROCAST 2007},
   series = {Lecture Notes in Computer Science},
   editor = {Moreno D{\'i}az, Roberto and Pichler, Franz and Quesada Arencibia, Alexis},
   publisher = {Springer Berlin / Heidelberg},
   pages = {747-754},
   volume = {4739},
   year = {2007}
}

@article{GRIDUFO,
title = "The design, usage, and performance of GridUFO: A Grid based Unified Framework for Optimization",
journal = "Future Generation Computer Systems",
volume = "26",
number = "4",
pages = "633 - 644",
year = "2010",
author = "A. Munawar and M. Wahib and M. Munetomo and K. Akama",

}

@article{OSGICHALLENGES,
	author={P. Kriens},
	year={2008},
	title={Research challenges for {OSGi}},
	note={Available at: \url{http://www.osgi.org/blog/2008/02/research-challenges-for-osgi.html}}}

@article{GALIB,
	author={Wall, B. M.},
	year={1996},
	title={A Genetic Algorithm for Resource-Constrained Scheduling, {Ph.D}. Thesis, {MIT}},
	note={Available at: \url{http://lancet.mit.edu/ga}}}	



@article{METCO,
       author={Le\'on,C. and Miranda,G. and Segura,C.},
       year={2009},
       title={Metco: A parallel plugin-based framework for multi-objective optimization},
       journal={International Journal on Artificial Intelligence Tools},
       volume={18},
       number={4},
       pages={569-588},
}
}

@article{DSS,
	author={{OSGi Alliance}},
	year={2009},
	title={Declarative Services Specification},
	pages={281-314},
	note={Available at: \url{http://www.osgi.org/download/r4-v4.2-cmpn-draft-20090310.pdf}}}

@article{SIGMA,

title = "A framework for developing optimization-based decision support
systems",

journal = "Expert Systems with Applications",

volume = "36",

number = "3, Part 1",

pages = "4581 - 4588",

year = "2009",

author = "J. R. Gonz\'alez and D. A. Pelta and A. D. Masegosa",



}

@article{GATEWAY,
  author    = {P. Garc\'{\i}a-S{\'a}nchez and
               J. Gonz{\'a}lez and
               A. Miguel Mora and
               A. Prieto},
  title     = {Deploying intelligent e-health services in a mobile gateway},
  journal   = {Expert Syst. Appl.},
  volume    = {40},
  number    = {4},
  year      = {2013},
  pages     = {1231-1239},
  ee        = {http://dx.doi.org/10.1016/j.eswa.2012.08.068},
}

@InProceedings{EASYLOCAL,
  author = 		 {Gaspero,L.D. and Schaerf,A. },
  title = 		 {EasyLocal++: an object-oriented framework for the flexible desgin of local search algorithms and metaheuristics},
  booktitle = 	 {Proceedings of
4th Metaheuristics International Conference (MIC'2001)},
  pages = {287-292},
  year =		 2001,
 }

@article{KEEL,
  author    = {J. Alcal{\'a}-Fdez and
               L. S{\'a}nchez and
               S. Garc\'{\i}a and
               M. J. del Jes{\'u}s and
               S. Ventura and
               J. M. Garrell i Guiu and
               J. Otero and
               C. Romero and
               J. Bacardit and
               V. M. Rivas and
               J. C. Fern{\'a}ndez and
               F. Herrera},
  title     = {{KEEL}: a software tool to assess evolutionary algorithms
               for data mining problems},
  journal   = {Soft Computing},
  volume    = {13},
  number    = {3},
  year      = {2009},
  pages     = {307-318},
}

@book{Buyya,
	author={Buyya, R.},
	year={1999},
	title={High Performance Cluster Computing: Architectures and Systems},
	publisher={Prentice-Hall}}

@article{petzold2011dynamic,
  title={Dynamic Distributed Simulation of {DEVS} Models on the {OSGi} Service Platform},
  author={Petzold, M. and Ullrich, O. and Speckenmeyer, E.},
  journal={Proceedings of ASIM 2011},
  year={2011},
  publisher={Zentrum fur Angewandte Informatik Koln, Lehrstuhl Speckenmeyer}
}
