% This file was created with JabRef 2.7.2.
% Encoding: Cp1252

@ARTICLE{DBLP:journals/sac/AlbaT02,
  author = {Enrique Alba and Jos{\'e} M. Troya},
  title = {{Improving flexibility and efficiency by adding parallelism to genetic
	algorithms}},
  journal = {Statistics and Computing},
  year = {2002},
  volume = {12},
  pages = {91-114},
  number = {2},
  bibsource = {DBLP, http://dblp.uni-trier.de},
  ee = {http://dx.doi.org/10.1023/A:1014803900897}
}

@ARTICLE{Alba2001,
  author = {Enrique Alba and José M. Troya},
  title = {Analyzing Synchronous and Asynchronous Parallel Distributed Genetic
	Algorithms},
  journal = {Future Generation Computer Systems - Special issue on bioimpaired
	solutions to parallel processing problems},
  year = {2001},
  volume = {17},
  file = {:D\:\\Albert\\!PhD\\!Materiales\\Parallel Genetic Algorithms\\Enrique Alba\\actxx (2001).pdf:PDF},
  owner = {jalbert},
  timestamp = {2011.11.22}
}

@INPROCEEDINGS{Alba1999,
  author = {Enrique Alba and José M Troya and José Mª Troya},
  title = {An Analysis of Synchronous and Asynchronous Parallel Distributed
	Genetic Algorithms with Structured and Panmictic Islands},
  booktitle = {IPPS/SPDP Workshops},
  year = {1999},
  pages = {248--256},
  file = {:D\:\\Albert\\!PhD\\!Materiales\\Parallel Genetic Algorithms\\Enrique Alba\\An Analysis of Synchronous and Asynchronous Parallel Distributed Genetic Algorithms with Structured and Panmictic Islands.pdf:PDF},
  owner = {jalbert},
  timestamp = {2011.11.16}
}

@BOOK{Cesarini2009,
  title = {Erlang Programming},
  publisher = {O'Reilly Media, Inc.},
  year = {2009},
  editor = {Mike Loukides},
  author = {Francesco Cesarini and Simon Thompson},
  owner = {jalbert},
  timestamp = {2011.11.16}
}

@PHDTHESIS{Desell2009,
  author = {Travis Desell},
  title = {ASYNCHRONOUS GLOBAL OPTIMIZATION FOR MASSIVE-SCALE COMPUTING},
  school = {Rensselaer Polytechnic Institute},
  year = {2009},
  address = {Troy, New York},
  month = {December},
  owner = {jalbert},
  timestamp = {2011.11.24}
}

@INPROCEEDINGS{TravisDesell2010,
  author = {Travis Desell and David P. Anderson and Malik Magdon-Ismail and Heidi
	Newberg and Boleslaw K. Szymanski and Carlos A. Varela},
  title = {An Analysis of Massively Distributed Evolutionary Algorithms},
  booktitle = {IEEE Congress on Evolutionary Computation},
  year = {2010},
  pages = {1-8},
  address = {Barcelona, Spain},
  month = {July},
  file = {:D\:\\Albert\\!PhD\\!Materiales\\Parallel Genetic Algorithms\\Travis Desell\\2010_cec.pdf:PDF},
  owner = {jalbert},
  timestamp = {2011.11.22}
}

@ARTICLE{E.Alba2007,
  author = {E. Alba, F. Almeida, M. Blesa, J. Cabeza, C. Cotta, M. D{\'i}az, I. Dorta,
	J. Gabarr{\'o}, C. Len, J. Luna, L. Moreno, C. Pablos, J. Petit, A. Rojas,
	F. Xhafa},
  title = {MALLBA: A Library of Skeletons for Combinatorial Optimisation},
  journal = {International Journal of Innovative Computing and Applications},
  year = {2007},
  volume = {1},
  pages = {74–85}
}

@ARTICLE{J.Atienza2000,
  author = {J. Atienza, M. Garca, J. Gonzales, J.J. Merelo},
  title = {Jinetic: a distributed, fine-grained, asynchronous evolutionary algorithm
	using Jini},
  year = {2000},
  owner = {jalbert},
  timestamp = {2011.11.16}
}

@ARTICLE{JuanJulianMerelo-Guervos2008,
  author = {Juan Julián Merelo-Guervós, Pedro A. Castillo, JLJ Laredo, A. Mora
	García, A. Prieto},
  title = {{Asynchronous Distributed Genetic Algorithms with Javascript and
	JSON}},
  year = {2008},
  owner = {jalbert},
  timestamp = {2011.11.16}
}

@ARTICLE{Keijzer2001,
  author = {Maarten Keijzer and J. J. Merelo and G. Romero and M. Schoenauer},
  title = {Evolving Objects: A General Purpose Evolutionary Computation Library
	},
  journal = {Artificial Evolution},
  year = {2002},
  volume = {2310},
  pages = {829--888},
  abstract = {This paper presents the evolving objects library (EOlib), an object-oriented
	framework for evolutionary computation (EC) that aims to provide
	a flexible set of classes to build EC applications. EOlib design
	objective is to be able to evolve any object in which fitness makes
	sense.},
  keywords = {genetic algorithms, genetic programming, evolutionary computation,
	metaheuristic, computational intelligence, optimization},
  size = {12 pages},
  url = {http://www.lri.fr/~marc/EO/EO-EA01.ps.gz}
}

@INPROCEEDINGS{Liu2002,
  author = {Pu Liu and Michael J. Lewis},
  title = {Communication Aspects of an Asynchronous Parallel Evolutionary Algorithm},
  booktitle = {Third International Conference on Communications in Computing},
  year = {2002},
  pages = {190-195},
  address = {Las Vegas},
  owner = {jalbert},
  timestamp = {2011.11.16}
}

@BOOK{Luke2010,
  title = {Essentials of Metaheuristics},
  publisher = {Zeroth Edition},
  year = {2010},
  author = {Sean Luke},
  owner = {jalbert},
  timestamp = {2011.11.16}
}

@INBOOK{Luque2011,
  chapter = {Parallel Models for Genetic Algorithms},
  pages = {15-30},
  title = {Parallel Genetic Algorithms, Theory and Real World Applications},
  publisher = {Springer-Verlag Berlin Heidelberg},
  year = {2011},
  author = {Gabriel Luque and Enrique Alba},
  owner = {jalbert},
  timestamp = {2011.11.09}
}

@ARTICLE{S.CAHON2004,
  author = {S. CAHON, N. MELAB, E.G. TALBI},
  title = {ParadisEO: A Framework for the Reusable Design of Parallel and Distributed
	Metaheuristics},
  journal = {Journal of Heuristics},
  year = {2004},
  volume = {10},
  pages = {357–380},
  owner = {jalbert},
  timestamp = {2011.11.16},
  url = {http://www.springerlink.com/content/up02m74726v1526u/fulltext.pdf}
}

@BOOK{S.N.Sivanandam2008,
  title = {Introduction to Genetic Algorithms},
  publisher = {Springer-Verlag Berlin Heidelberg},
  year = {2008},
  author = {S.N.Sivanandam and S.N.Deepa},
  owner = {jalbert},
  timestamp = {2011.11.24}
}

@BOOK{Yu2010,
  title = {Introduction to Evolutionary Algorithms},
  publisher = {Springer-Verlag London Limited},
  year = {2010},
  author = {Xinjie Yu and Mitsuo Gen},
  owner = {jalbert},
  timestamp = {2011.11.09}
}

@PROCEEDINGS{AndrePoncedeLeonF.deCarvalho2010,
  title = {Distributed Computing and Artificial Intelligence},
  year = {2010},
  editor = {Andre Ponce de Leon F. de Carvalho, Sara Rodríguez González, Juan
	F. De Paz Santana and Juan M. Corchado Rodríguez},
  volume = {7th International Symposium},
  publisher = {Springer-Verlag Berlin Heidelberg},
  owner = {jalbert},
  timestamp = {2011.11.16}
}

@INCOLLECTION{Ong2005,
  title = {{Advances in Natural Computation}},
  year = {2005},
  editor = {Lipo Wang Ke Chen Yew Soon Ong},
  volume = {I},
  series = {Lecture Notes in Computer Science},
  owner = {jalbert},
  timestamp = {2011.11.16}
}

@INCOLLECTION{Ong2005a,
  title = {{Advances in Natural Computation}},
  year = {2005},
  editor = {Lipo Wang Ke Chen Yew Soon Ong},
  volume = {III},
  series = {Lecture Notes in Computer Science},
  owner = {jalbert},
  timestamp = {2011.11.16}
}

@INCOLLECTION{2004,
  title = {{Parallel problem solving from nature PPSN VIII}},
  publisher = {Lecture Notes in Computer Science},
  year = {2004},
  series = {Lecture Notes in Computer Science},
  owner = {jalbert},
  timestamp = {2011.11.16}
}

@comment{jabref-meta: selector_publisher:}

@comment{jabref-meta: selector_author:}

@comment{jabref-meta: selector_journal:}

@comment{jabref-meta: selector_keywords:}
