@book{tomassini:spatially,
 author = {Marco Tomassini},
 title = {Spatially Structured Evolutionary Algorithms: Artificial Evolution in Space and Time},
 year = {2005},
 isbn = {3540241930},
 series = {Natural Computing Series},
 publisher = {Springer-Verlag New York, Inc.},
 address = {Secaucus, NJ, USA},
 }

@InProceedings{tsp:multiagent,
  author = 	 {Y.A. Tan and X. Zhang and L.N. Xing and X.L. Zhang and S.W. Wang},
  title = 	 {An improved multi-agent approach for solving large traveling salesman problem},
  booktitle = {Lecture Notes in Computer Science (including subseries Lecture Notes in Artificial Intelligence and Lecture Notes in Bioinformatics) },
  pages = 	 {351--361},
  year = 	 2006,
  volume = 	 4088,
  series = 	 {LNAI},
  publisher = {Springer-Verlag}
}

@article{jelasity:gossip,
 author = {M\'ark Jelasity and Alberto Montresor and Ozalp Babaoglu},
 title = {Gossip-based aggregation in large dynamic networks},
 journal = {ACM Trans. Comput. Syst.},
 volume = {23},
 number = {3},
 year = {2005},
 issn = {0734-2071},
 pages = {219--252},
 OPTdoi = {http://doi.acm.org/10.1145/1082469.1082470},
 publisher = {ACM Press},
 address = {New York, NY, USA},
 }

@book{eiben:eas,
 author = {Agoston E. Eiben and J. E. Smith},
 title = {Introduction to Evolutionary Computing},
 year = {2003},
 isbn = {3540401849},
 publisher = {SpringerVerlag},
 }

@book{cantu:parallelga,
 author = {Erick Cant\'u-Paz},
 title = {Efficient and Accurate Parallel Genetic Algorithms},
 year = {2000},
 isbn = {0792372212},
 publisher = {Kluwer Academic Publishers},
 address = {Norwell, MA, USA},
 }

 @InProceedings{Fernandez:balancing,
  author = 	 {I. Hidalgo and F. Fern\'andez},
  title = 	 {Balancing the Computation Effort in Genetic Algorithms},
  booktitle = {Evolutionary Computation, 2005. The 2005 IEEE Congress on},
  pages = 	 {1645--1652},
volume = 2,
 doi = {10.1109/CEC.2005.1554886},
  year = 	 2005,
  publisher = {IEEE Press}
}


@inproceedings{wehrle05:p2p,
  author    = {Ralf Steinmetz and
               Klaus Wehrle},
  title     = {What Is This Peer-to-Peer About?},
  booktitle = {Peer-to-Peer Systems and Applications},
  year      = {2005},
  pages     = {9-16},
  ee        = {http://dx.doi.org/10.1007/11530657_2},
  crossref  = {DBLP:conf/p2p/2005lncs},
  bibsource = {DBLP, http://dblp.uni-trier.de}
}

@proceedings{DBLP:conf/p2p/2005lncs,
  editor    = {Ralf Steinmetz and
               Klaus Wehrle},
  title     = {Peer-to-Peer Systems and Applications},
  booktitle = {Peer-to-Peer Systems and Applications},
  publisher = {Springer},
  series    = {Lecture Notes in Computer Science},
  volume    = {3485},
  year      = {2005},
  isbn      = {3-540-29192-X},
  bibsource = {DBLP, http://dblp.uni-trier.de}
}

@proceedings{DBLP:conf/ap2pc/2003,
  editor    = {Gianluca Moro and
               Claudio Sartori and
               Munindar P. Singh},
  title     = {Agents and Peer-to-Peer Computing, Second International
               Workshop, AP2PC 2003, Melbourne, Australia, July 14, 2003,
               Revised and Invited Papers},
  booktitle = {AP2PC},
  publisher = {Springer},
  series    = {Lecture Notes in Computer Science},
  volume    = {2872},
  year      = {2004},
  isbn      = {3-540-24053-5},
  bibsource = {DBLP, http://dblp.uni-trier.de}
}


@InProceedings{arenas:dream,
		  author = 	 { M.G. Arenas and Pierre Collet and A.E. Eiben and M'ark Jelasity and J.J. Merelo and Ben Paechter and Mike Preuss and Marc Schoenauer},
		    title = 	 {A Framework for Distributed Evolutionary Algorithms},
		      booktitle = 	 {Parallel Problem Solving from Nature - PPSN VII, 7th International Conference, Granada, Spain, September 7-11, 2002. Proceedings },
		      pages = 	 {665-675},
  year = 	 {2002},
  editor = 	 {J.J. Merelo Guerv\'os and P. Adamidis and H.G. Beyer and J.L. Fern\'andez-Villaca\~nas and H.P. Schwefel},
  number = 	 {2439},
  series = 	 {Lecture Notes in Computer Science, LNCS},
  publisher = {Springer-Verlag},
  OPTnote = 	 {Keywords: Implementation::Parallel EAs, Related::Simulated Adaptive Behavior, Technique::Advanced techniques - miscellaneous, Technique::Evolutionary computing - general, Technique::Evolutionary computing - miscellaneous},
		 annote = {Available from http://link.springer.de/link/service/series/0558/papers/2439/243900665.pdf },
}

@Article{overlaynetworks,
  author = 	 {Diego Doval and Donal O'{}Mahony},
  title = 	 {Overlay Networks: A Scalable Alternative for {P2P}},
  journal = 	 {IEEE Internet Computing},
  year = 	 2003,
  volume =	 7,
  number =	 4,
  pages = 	 {79--82},
  month = 	 {July/August}
}

@InProceedings{cantu99:topologies,
author =	{Erick Cant\'u-Paz},
  title =	{Topologies, Migration Rates, and Multi-Population Parallel Genetic Algorithms},
  booktitle =	{Proceedings of the Genetic and Evolutionary Computation Conference},
  year =	{1999},
  editor = 	{Wolfgang Banzhaf and Jason Daida and Agoston E. Eiben and Max H. Garzon and Vasant Honavar and Mark Jakiela and Robert E. Smith},
  volume =	{1},
  pages = 	{91--98},
  address = 	{Orlando, Florida, USA},
  publisher_address = 	{San Francisco, CA 94104, USA},
  month = 	{13-17 July},
  publisher = 	{Morgan Kaufmann},
  note =	{},
  keywords =    {genetic algorithms and classifier systems},
  ISBN =        {1-55860-611-4},
  url =         {http://www.cs.bham.ac.uk/~wbl/biblio/gecco1999/gecco99-topologies.pdf},
  url =         {http://dangermouse.brynmawr.edu/ec/gecco99-topologies.pdf},
  notes =	{GECCO-99
  	A joint meeting of the eighth international conference on
  	genetic algorithms (ICGA-99) and the fourth annual genetic
  	programming conference (GP-99)}
}

@inproceedings{g2dga,
 author = {Johan Berntsson},
 title = {G2{D}{G}{A}: an adaptive framework for internet-based distributed genetic algorithms},
 booktitle = {GECCO '05: Proceedings of the 2005 workshops on Genetic and evolutionary computation},
 year = {2005},
 isbn = {0-123-45699-9},
 pages = {346--349}
}




@InProceedings{jade,
  author = 	 {Moraitis, P. and Spanoudakis, N},
  title = 	 {Combining {G}aia and {JADE} for {M}ulti-Agent {S}ystems {D}evelopment},
  booktitle = {17th European Meeting on Cybernetics and Systems Research (EMCSR 2004)},
  year = 	 {2004},
  note = {http://smealsearch2.psu.edu/120082.html}
}

@inproceedings{multiagent,
    author = "Jean-Philippe Vacher and Alain Cardon and Franck Lesage and Thierry Galinho",
    title = "Genetic {A}lgorithms in a {M}ulti-{A}gent {S}ystem",
    booktitle = "Proceedings {IEEE} International Joint Symposia on Intelligence and Systems",
    address = "Rockville, MD, USA",
    pages = "17--26",
    year = "1998",
    url = "citeseer.ist.psu.edu/vacher97genetic.html" 
}


@InProceedings{agcombinados,
  author = 	 {E.R.C. Viveros and B. Bar\'an },
  title = 	 {Algoritmos Gen\'eticos As\'incronos Combinados para una Red Heterog\'enea de Computadoras},
  booktitle = {Conferencia Internacional de Ciencia y Tecnolog\'ia para el Desarrollo},
  year = 	 1997,
  note = {http://www.cnc.una.py/cms/invest/download.php?id=46205,66,1}
}


@InProceedings{eiben:onthefly,
  author =       "A.E. Eiben and E. Marchiori and V.A. Valk\'o",
  title =        "Evolutionary Algorithms with on-the-fly Population
                  Size Adjustment",
  booktitle =    "Parallel Problem Solving from Nature - PPSN VIII",
  year =         "2004",
  OPTeditor =       "Xin Yao and Edmund Burke and Jose A. Lozano and 
                  Jim Smith and Juan J. Merelo-Guerv\'os and John 
                  A. Bullinaria and Jonathan Rowe and Peter Ti\v{n}o
                  Ata Kab\'an and Hans-Paul Schwefel",
  volume =       "3242",
  pages =        "41--50",
  series =       "LNCS",
  address =      "Birmingham, UK",
  publisher_address = "Berlin",
  month =        "September",
  publisher =    "Springer-Verlag",
  isbn =         "3-540-23092-0"
}

@Book{tsp,
  author = 	 {E.J. Lawler and J.K. Lenstra and A.H.G. Rinnoy Kan and D.B. Shmoys},
  title = 	 {The travelling salesman problem: A guided tour of combinatorial optimization.},
  publisher = 	 {New {Y}ork: {W}iley and {S}ons},
  year = 	 1985
}

@Book{michalewicz,
  author = 	 {Zbigniew Michalewicz},
  title = 	 {Genetic Algorithms + Data Structures = Evolution Programs},
  publisher = 	 {\copyright Springer},
  year = 	 1998,
  edition = 	 3,
  month = 	 {November}
}

@article{blackboard,
        author={Nii,H. P.},
        year={1986},
        title={BLACKBOARD SYSTEMS: THE BLACKBOARD MODEL OF PROBLEM SOLVING AND THE EVOLUTION OF BLACKBOARD ARCHITECTURES.},
        journal={AI Magazine},
        volume={7},
        number={2},
        pages={38-53},
        OPTnote={Cited By (since 1996): 101},
        url={www.scopus.com}}

@inproceedings{blackboard2,
  author    = "Daniel D Corkill",
  title     = "{Collaborating Software: Blackboard and Multi-Agent
               Systems \& the Future}",
  booktitle = "Proceedings of the International Lisp Conference",
  month     = "October",
  year      = "2003",
  address   = "New York, New York",
  url       = "http://mas.cs.umass.edu/paper/265",
}

@InProceedings{laredo:autoadaptacion,
  author = 	 {J.L.J.Laredo and P.A. Castillo and A.M. Mora and J.J. Merelo},
  title = 	 {Estudio preliminar sobre autoadaptaci\'on en agentes evolutivos sobre arquitecturas heterog\'eneas},
  booktitle = {XVII Jornadas de Paralelismo -- XVII JP},
  pages = 	 {389--394},
  year = 	 2006,
  month = 	 {September}
}

@InProceedings{laredo:validacion,
  author = 	 {J.L.J.Laredo and P.A. Castillo and G.Romero and A.M. Mora and J.J. Merelo and M.G. Arenas},
  title = 	 {Validaci\'on de un sistema computacional P2P mediante un
estudio emp\'irico},
  booktitle = {XVII Jornadas de Paralelismo -- XVII JP},
  pages = 	 {235--240},
  year = 	 2006,
  month = 	 {September}
}

@TechReport{jelasity:newscast,
  author = 	 {M{\'a}rk Jelasity and Maarten van Steen},
  title = 	 {Large-Scale Newscast Computing on the {Internet}},
  institution =  {Vrije Universiteit Amsterdam,
                Department of Computer Science},
  year = 	 2002,
  number = 	 {IR-503},
  address = 	 {Amsterdam, The Netherlands},
  month = 	 {October},
  url = {http://www.cs.vu.nl/pub/papers/globe/IR-503.02.pdf}
}

@inproceedings{ wang98:comparative,
    author = "L. Wang and A.A. Maciejewski and H.J. Siegel and V.P. Roychowdhury",
    title = "A Comparative Study of Five Parallel Genetic Algorithms using the Traveling Salesman Problem",
    booktitle = "{IPPS}: 11th International Parallel Processing Symposium",
    publisher = "IEEE Computer Society Press",
    pages ={345--349},
    year = "1998",
    url = "citeseer.ist.psu.edu/article/wang98comparative.html" 
}



 @InProceedings{spyros:robustscalable,
  author = 	 {Spyros Voulgaris and M\'ark Jelasity and Maarten van Steen},
  editor =	 {Gianluca Moro and Claudio Sartori and Munindar P. Singh },
  title = 	 {A Robust and Scalable Peer-to-Peer Gossiping Protocol},
  publisher = 	 {Springer Berlin / Heidelberg},
  year = 	 2004,
  volume = 	 2872,
  series = 	 {Lecture Notes in Computer Science (LNCS)},
  isbn = {978-3-540-24053-2},
  doi = {10.1007/b104265},
  booktitle = {Agents and Peer-to-Peer Computing},
  pages = 	 {47--58}
}


	
@inproceedings{DBLP:conf/ccgrid/JelasityPSP02,
  author    = {M{\'a}rk Jelasity and
               Mike Preu{\ss} and
               Maarten van Steen and
               Ben Paechter},
  title     = {Maintaining Connectivity in a Scalable and Robust Distributed
               Environment.},
  booktitle = {CCGRID},
  year      = {2002},
  pages     = {389-394},
  ee        = {http://csdl.computer.org/comp/proceedings/ccgrid/2002/1582/00/15820389abs.htm},
  crossref  = {DBLP:conf/ccgrid/2002},
  bibsource = {DBLP, http://dblp.uni-trier.de}
}

@proceedings{DBLP:conf/ccgrid/2002,
  title     = {2nd IEEE International Symposium on Cluster Computing and
               the Grid (CCGrid 2002), 22-24 May 2002, Berlin, Germany},
  booktitle = {CCGRID},
  publisher = {IEEE Computer Society},
  year      = {2002},
  isbn      = {0-7695-1582-7},
  bibsource = {DBLP, http://dblp.uni-trier.de}
}

@incollection{DBLP:books/sp/map2005/BellifemineBCP05,
  author    = {Fabio Bellifemine and
               Federico Bergenti and
               Giovanni Caire and
               Agostino Poggi},
  title     = {JADE - A Java Agent Development Framework.},
  booktitle = {Multi-Agent Programming},
  year      = {2005},
  pages     = {125-147},
  crossref  = {DBLP:books/sp/map05},
  bibsource = {DBLP, http://dblp.uni-trier.de}
}

@book{DBLP:books/sp/map05,
  editor    = {Rafael H. Bordini and
               Mehdi Dastani and
               J{\"u}rgen Dix and
               Amal El Fallah-Seghrouchni},
  title     = {Multi-Agent Programming: Languages, Platforms and Applications},
  booktitle = {Multi-Agent Programming},
  publisher = {Springer},
  series    = {Multiagent Systems, Artificial Societies, and Simulated
               Organizations},
  volume    = {15},
  year      = {2005},
  isbn      = {0-387-24568-5},
  bibsource = {DBLP, http://dblp.uni-trier.de}
}
