@Book{schwefel95,
  author =	 {Hans-Paul Schwefel},
  title = 	 {Evolution and optimum seeking},
  publisher = 	 {Wiley},
  year = 	 1995,
  address =	 {New York}
}

@PhdThesis{jong75,
  author = 	 {K. de Jong},
  title = 	 {An analysis of the behavior of a class of genetic adaptive systems},
  school = 	 {Dept. of Computer and Communications Sciences, University of Michigan, Ann Arbor},
  year = 	 1975
}

@Book{EC,
  author = 	 "D. B. Fogel",
  title = 	 "Evolutionary Computation: Towards a New Philosophy
		  of Machine Intelligence",
  publisher = 	 "IEEE press",
  year = 	 1995
}

@Book{Goldberg,
  author = 	 "David E. Goldberg",
  title = 	 "Genetic Algorithms in search, optimization and
		  machine learning",
  publisher = 	 "Addison Wesley",
  year = 	 1989
}

@article{goldberg1991comparative,
  title={A comparative analysis of selection schemes used in genetic algorithms},
  author={Goldberg, D.E. and Deb, K.},
  journal={Foundations of genetic algorithms},
  volume={1},
  pages={69--93},
  year={1991},
  publisher={San Mateo, CA, USA}
}

@TechReport{HHGEC,
  author = 	 "J{\"{o}}rg Heitk{\"{o}}eter and David Beasley",
  title = 	 "The {H}itchhiker's {G}uide to {E}volutionary {C}omputation,
		  v. 3.4",
  institution =  "Available at the ENCORE sites",
  year = 	 1996
}

@Book{Holland,
  author = 	 "John J. Holland",
  title = 	 "Adaptation in Natural and Artificial Systems",
  publisher = 	 "University of Michigan Press",
  year = 	 1975
}

@Book{Michalewicz,
  author = 	 "Zbigniew Michalewicz",
  title = 	 "Genetic Algorithms + Data Structures = Evolution programs",
  publisher = 	 "Springer-Verlag",
  year = 	 1994,
  edition =	 "2nd"
}

@InProceedings{Zen,
   author    = {David E. Goldberg},
  title     = {Zen and the Art of Genetic Algorithms},
  booktitle = {ICGA},
  year      = {1989},
  pages     = {80-85},
  crossref  = {ICGA89},
  bibsource = {DBLP, http://dblp.uni-trier.de}
}

@proceedings{ICGA89,
  editor    = {J. David Schaffer},
  title     = {Proceedings of the 3rd International Conference on Genetic
               Algorithms, George Mason University, Fairfax, Virginia,
               USA, June 1989},
  booktitle = {ICGA},
  publisher = {Morgan Kaufmann},
  year      = {1989},
  isbn      = {1-55860-066-3},
  bibsource = {DBLP, http://dblp.uni-trier.de}
}
@InProceedings{jones95:ICGA,
  author = 	 {T. Jones and Stephanie Forrest},
  title = 	 {Fitness distance correlation as a Measure of Problem
                  Difficulty for Genetic Algorithms},
  booktitle = 	 {ICGA95},
  crossref =	 {ICGA95},
  pages =	 {184--192}
}

@InProceedings{shaw96:MOGA,
  author = 	 {K. J. Shaw and P. J. Fleming},
  title = 	 {Initial study of Multi-Objective Genetic Algorithms
                  for Scheduling the Production of Chilled REady Meals},
  booktitle = 	 {Second International Mendel Conference on Genetic
                  Algorithms },
  year =	 1996,
  organization = {Tech. Univ. of Brno}
}



@Unpublished{FAQ,
  author = 	 {J\=org Heitk\=oter and David Beasley},
  title = 	 {The Hitch-Hiker's Guide to  Evolutionary Computation, ({FAQ} for {\tt comp.ai.genetic}) },
  note = 	 {Available from {\tt http://surf.de.uu.net/encore/www/}},
}

@Book{maynard-smith75,
  author =	 {J. Maynard-Smith},
  title = 	 {The theory of evolution},
  publisher = 	 {Penguin},
  year = 	 1975
}

@TechReport{Golem,
  author = 		 {Hod Lipson and Jordan B. Pollack},
  title = 		 { The Golem Project, Automatic Design and Manufacture of Robotic Lifeforms},
  institution =  {Computer Science Dept., Brandeis University},
  year = 		 2001,
  note =		 {Available from {\sf http://golem03.cs-i.brandeis.edu/download.html
}}
}



@Book{fogel96:fossil,
  editor =	 {D. B. Fogel},
  title = 	 {Evolutionary Computation: The Fossil Record},
  publisher = 	 {IEEE Press},
  year = 	 1996
}

@misc{EDAs,
  author = "H. M\=uhlenbein and G. Paa\ss",
  title = "From recombination of genes to the estimation of distributions: Binary parameters",
  text = "H. M\=uhlenbein and G. Paa\ss, From recombination of genes to the estimation  of distributions. Binary parameters, 178-187, Lecture Notes in Computer Science 1411: Parallel Problem Solving from Nature, PPSN IV, 1996.",
  year = 1996,
pages = {178--187},
  url = "citeseer.nj.nec.com/uehlenbein96from.html" 
}


@Book{michalewicz04,
  author =	 {Michalewicz, Zbigniew and Fogel, David B.},
  title = 	 {How to Solve It: Modern Heuristics},
  publisher = 	 {Springer},
  year = 	 2004,
  edition =	 {2nd ed. Revised and Extended},
  note =	 {ISBN:3-540-22494-7}
}

@Book{eiben03,
  author =	 {A. E. Eiben and J. E. Smith},
  title = 	 {Introduction to Evolutionary Computing},
  publisher = 	 {Springer},
  year = 	 2003
}


@book{back1997hec,
  title={{Handbook of Evolutionary Computation}},
  author={Back, T. and Fogel, D.B. and Michalewicz, Z.},
  year={1997},
  publisher={IOP Publishing Ltd. Bristol, UK, UK}
}

@Article{hsu02,
  author = 	 {William H. Hsu and  Michael Welge and  Tom Redman and  David Clutter},
  title = 	 {High-Performance Commercial Data Mining: A Multistrategy Machine Learning Application},
  journal = 	 {Data Mining and Knowledge Discovery},
  year = 	 2002,
  volume =	 6,
  number =	 4,
  pages =	 {361--391},
  month =	 {October}
}

@Article{ratios2004,
  author = 	 {Roberto K.H. Galv$\tilde{\mbox{a}}$o and Victor M. Becerra and Magda Abou-Seada}, 
title ={Ratio Selection for Classification Models}, 
journal ={Data Mining and Knowledge Discovery}, 
volume =8, 
number = 2, 
month={March}, 
year= 2004, 
pages ={ 151 -- 170}, 
DOI ={10.1023/B:DAMI.0000015913.38787.b3}, 
URL = {http://dx.doi.org/10.1023/B:DAMI.0000015913.38787.b3}}

@article{fogel2000evolutionary,
  title={What is evolutionary computation?},
  author={Fogel, D.B.},
  journal={Spectrum, IEEE},
  volume={37},
  number={2},
  pages={26--28},
  year={2000},
  publisher={IEEE}
}

@INPROCEEDINGS{Back94selectivepressure,
    author = {Thomas B\=ack},
    title = {Selective Pressure in Evolutionary Algorithms: A
Characterization of Selection Mechanisms},
    booktitle = {In Proceedings of the First IEEE Conference on
Evolutionary Computation},
    year = {1994},
    pages = {57--62},
    publisher = {IEEE Press}
}