@article{david-seti:home,
 author = {David P. Anderson and Jeff Cobb and Eric Korpela and Matt Lebofsky and Dan Werthimer},
 title = {{SETI@home}: an experiment in public-resource computing},
 journal = {Commun. ACM},
 volume = {45},
 number = {11},
 year = {2002},
 issn = {0001-0782},
 pages = {56--61},
 doi = {http://doi.acm.org/10.1145/581571.581573},
 publisher = {ACM Press},
 }

	@INPROCEEDINGS{boinc_grid04,
	  author = {Anderson, D.},
 	  title = {{BOINC}: A System for Public-Resource Computing and Storage},
 	  booktitle = {Proceedings of the 5th IEEE/ACM International Workshop on Grid Computing},
 	  year = {2004},
 	  address = {Pittsburgh, USA},
 	  abstract = {BOINC (Berkeley Open Infrastructure for Network Computing)
 	                is a software system that makes it easy for scientists to
 	                create and operate public-resource computing
 	                projects. It supports diverse applications,
 	                including those with large storage or communication
 	                requirements. PC owners can participate in
 	                multiple BOINC projects, and can specify how
 	                their resources are allocated among these
 	                projects. We describe the goals of BOINC, the
 	                design issues that we confronted, and our
 	                solutions to these problems.},
 	  keywords = {BOINC, resource harvesting},
 	}

@inproceedings{10.1109/DEPCOS-RELCOMEX.2006.2,
author = {Francisco Fernández De Vega}, 
 title = {A Fault Tolerant Optimization Algorithm based on Evolutionary Computation},
 booktitle = {DEPCOS-RELCOMEX '06: Proceedings of the International Conference on Dependability of Computer Systems (DEPCOS-RELCOMEX'06)},
 year = {2006},
 isbn = {0-7695-2565-2},
 pages = {335--342},
 doi = {http://dx.doi.org/10.1109/DEPCOS-RELCOMEX.2006.2},
 publisher = {IEEE Computer Society},
 address = {Washington, DC, USA},
 }

@inproceedings{unwitting-ec,
 author = {Jon Klein and Lee Spector},
 title = {Unwitting distributed genetic programming via asynchronous
                  {JavaScript} and {XML}}, 
 booktitle = {GECCO '07: Proceedings of the 9th annual conference on
                  Genetic and evolutionary computation}, 
 year = {2007},
 isbn = {978-1-59593-697-4},
 pages = {1628--1635},
 location = {London, England},
 doi = {http://doi.acm.org/10.1145/1276958.1277282},
 publisher = {ACM},
 address = {New York, NY, USA},
 }

@article{cantu-paz:migration-policies,
 author = {Erick Cant\'{u}-Paz},
 title = {Migration Policies, Selection Pressure, and Parallel Evolutionary Algorithms},
 journal = {Journal of Heuristics},
 volume = {7},
 number = {4},
 year = {2001},
 issn = {1381-1231},
 pages = {311--334},
 doi = {http://dx.doi.org/10.1023/A:1011375326814},
 publisher = {Kluwer Academic Publishers},
 address = {Hingham, MA, USA},
 }

@InProceedings{langdon:2005:metas,
  author =	"W. B. Langdon",
  title =	"Pfeiffer -- {A} Distributed Open-ended Evolutionary
		 System",
  booktitle =	"AISB'05: Proceedings of the Joint Symposium on
		 Socially Inspired Computing (METAS 2005)",
  year = 	"2005",
  editor =	"Bruce Edmonds and Nigel Gilbert and Steven Gustafson
		 and David Hales and Natalio Krasnogor",
  pages =	"7--13",
  address =	"University of Hertfordshire, Hatfield, UK",
  month =	"12-15 " # apr,
  organisation = "AISB",
  note = 	"SSAISB 2005 Convention",
  keywords =	"genetic algorithms, genetic programming",
  URL =  	"http://www.cs.ucl.ac.uk/staff/W.Langdon/ftp/papers/wbl_metas2005.pdf",
  size = 	"7 pages",
  abstract =	"Pfeiffer contains a population of fractals which has
		 been evolving continuously for more than three years.
		 The animations are developed from embryos using a
		 Lindenmayer grammar (L-System). These open generative
		 representations potentially allow gene duplication and
		 the evolution of higher order genetic operators and
		 might be a step towards the emergence of social
		 intelligence in swarms of artificial life (alife)
		 agents. The fitness function is simply do the snowflake
		 patterns appeal to the users: interactive evolution
		 (IEC). To this end, images are placed in animated snow
		 globes (computerised snowstorms) by world wide web
		 (www) browsers (Netscape, Mozilla, Internet Explorer,
		 Firefox, etc.) anywhere on the planet. More than 600
		 people have used
		 http://www.cs.ucl.ac.uk/staff/W.Langdon/pfeiffer.html.",
  notes =	"METAS is a one-day symposium (12 April) run by Natalio
		 Krasnogor and Steven Gustafson, in the joint-symposium
		 ``Socially Inspired Computing'', in the AISB 2005
		 Convention ``Social Intelligence and Interaction in
		 Animals, Robots and Agents''.
		 http://aisb2005.feis.herts.ac.uk/",
}

@inproceedings{puppetnets,
 author = {V. T. Lam and S. Antonatos and P. Akritidis and K. G. Anagnostakis},
 title = {Puppetnets: misusing web browsers as a distributed attack infrastructure},
 booktitle = {CCS '06: Proceedings of the 13th ACM conference on Computer and communications security},
 year = {2006},
 isbn = {1-59593-518-5},
 pages = {221--234},
 location = {Alexandria, Virginia, USA},
 doi = {http://doi.acm.org/10.1145/1180405.1180434},
 publisher = {ACM},
 address = {New York, NY, USA},
 }

@inproceedings{G2-P2P,
 author = {Richard Mason and Wayne Kelly},
 title = {{G2-P2P}: a fully decentralised fault-tolerant cycle-stealing framework},
 booktitle = {ACSW Frontiers '05: Proceedings of the 2005 Australasian workshop on Grid computing and e-research},
 year = {2005},
 isbn = {1-920-68226-0},
 pages = {33--39},
 location = {Newcastle, New South Wales, Australia},
 publisher = {Australian Computer Society, Inc.},
 address = {Darlinghurst, Australia, Australia},
 }

 @misc{electric-sheep,
   author = "Wikipedia",
   title = "Electric Sheep --- Wikipedia{,} The Free Encyclopedia",
   year = "2007",
   note = "\url{http://en.wikipedia.org/w/index.php?title=Electric_Sheep&oldid=159677937}",
   note = "[Online; accessed 3-December-2007]"
 }

@InProceedings{chong:1999:jDGPi,
  author =       "Fuey Sian Chong and W. B. Langdon",
  title =        "Java based Distributed {G}enetic {P}rogramming on the
                 Internet",
  booktitle =    "Proceedings of the Genetic and Evolutionary
                 Computation Conference",
  year =         "1999",
  editor =       "Wolfgang Banzhaf and Jason Daida and 
                 Agoston E. Eiben and Max H. Garzon and Vasant Honavar and 
                 Mark Jakiela and Robert E. Smith",
  volume =       "2",
  pages =        "1229",
  address =      "Orlando, Florida, USA",
  publisher_address = "San Francisco, CA 94104, USA",
  month =        "13-17 " # jul,
  publisher =    "Morgan Kaufmann",
  note =         "Full text in technical report CSRP-99-7",
  keywords =     "genetic algorithms, genetic programming, DGP,
                 Distributed Computing, Java Applet / Application, World
                 Wide Computing, Internet, Servlets, poster",
  ISBN =         "1-55860-611-4",
  URL =          "http://www.cs.ucl.ac.uk/staff/W.Langdon/ftp/papers/p.chong/DGPposter.pdf",
  URL =          "http://www.cs.ucl.ac.uk/staff/W.Langdon/ftp/papers/p.chong/DGPposter.ps.gz",
  URL =          "http://www.cs.bham.ac.uk/~wbl/ftp/papers/p.chong/DGPposter.ps.gz",
  size =         "1 page",
  abstract =     "A distributed approach for parallelising Genetic
                 Programming (GP) on the Internet is proposed and its
                 feasibility demonstrated with a distributed GP system
                 termed DGP developed in Java. DGP is run successfully
                 across the world over the Internet on heterogeneous
                 platforms without any central co-ordination. The run
                 results and the outcome of an experiment to determine
                 DGP's performance are reported together with a
                 description of DGP.",
  notes =        "GECCO-99, part of \cite{banzhaf:1999:gecco99}, A joint
                 meeting of the eighth international conference on
                 genetic algorithms (ICGA-99) and the fourth annual
                 genetic programming conference (GP-99)

                 see also \cite{chong:1999:jDGPis} Phyllis Chong

                 Note (2006) most URLs no longer working but hyperlinks
                 in PDF should be ok. Code available at
                 http://www.cs.bham.ac.uk/~wbl/ftp/gp-code/DGP/DGPsrc.tar.gz",
}

@conference{chang2009tracing,
  title={{Tracing for web 3.0: trace compilation for the next generation web applications}},
  author={Chang, M. and Smith, E. and Reitmaier, R. and Bebenita, M. and Gal, A. and Wimmer, C. and Eich, B. and Franz, M.},
  booktitle={Proceedings of the 2009 ACM SIGPLAN/SIGOPS international conference on Virtual execution environments},
  pages={71--80},
  year={2009},
  organization={ACM}
}


@article{thomas2008real,
  title={{Real Men Do JavaScript!-Programming the World in a Browser}},
  author={Thomas, D.},
  journal={Journal of Object Technology},
  volume={7},
  number={8},
  pages={35--39},
  year={2008}
}

@misc{wiki:GIMPS,
       author = "Wikipedia",
       title = {{Great Internet Mersenne Prime Search --- Wikipedia{,} La enciclopedia libre}},
       year = "2009",
       url = "\url{http://es.wikipedia.org/w/index.php?title=Great_Internet_Mersenne_Prime_Search&oldid=29709950}",
       note = "[Internet; descargado 25-octubre-2009]"
}

@misc{wiki:dnet,
   author = "Wikipedia",
   title = "Distributed.net --- Wikipedia{,} The Free Encyclopedia",
   year = "2009",
   url = "\url{http://en.wikipedia.org/w/index.php?title=Distributed.net&oldid=320796520}",
   note = "[Online; accessed 25-October-2009]"
 }
}


@INPROCEEDINGS{Anderson06thecomputational,
    author = {David P. Anderson and Gilles Fedak},
    title = {The Computational and Storage Potential of Volunteer Computing},
    booktitle = {in 6th IEEE International Symposium on Cluster
                  Computing and the Grid (CCGrid)}, 
    year = {2006}
}

@article{holohan2005collaboration,
  title={{Collaboration online: The example of distributed computing}},
  author={Holohan, A. and Garg, A.},
  journal={Journal of Computer-Mediated Communication},
  volume={10},
  number={4},
  pages={23},
  year={2005},
  publisher={Blackwell Publishing Ltd}
}

@InProceedings{soares1998get,
  title={{How to get volunteers for web-based metacomputing}},
  author={Soares, F. and Silva, L.M. and Silva, J.G.},
  booktitle={In Proc. of the Distributed Computing on the Web (DCW98), Germany.},
  month = {June},
  pages={264--276},
  year={1998},
  publisher={Citeseer}
}

@InProceedings{10.1109/ICICSE.2008.99,
author = {Xianyong Wang and Shengchao Xu},
title = {{P2HP}: Construction of a Cooperative Server Group Based
                  Volunteer Computing Environment}, 
booktitle ={International Conference on Internet Computing in Science and Engineering},
volume = {0},
year = {2008},
isbn = {978-0-7695-3112-0},
pages = {389-395},
doi = {http://doi.ieeecomputersociety.org/10.1109/ICICSE.2008.99},
publisher = {IEEE Computer Society},
address = {Los Alamitos, CA, USA},
}

@InProceedings{jin2006constructing,
  title={{Constructing a P2P-based high performance computing platform}},
  author={Jin, H. and Luo, F. and Liao, X. and Zhang, Q. and Zhang, H.},
  booktitle={2006 International Workshop on P2P for High Performance Computational Sciences (P2P-HPCS06)},
  series={LECTURE NOTES IN COMPUTER SCIENCE},
  volume={3994},
  pages={380-387},
  year={2006},
  publisher={Springer}
}

@book{oram2001peer,
  title={{Peer-to-peer: Harnessing the power of disruptive technologies}},
  author={Oram, A.},
  year={2001},
  publisher={O'Reilly \& Associates, Inc. Sebastopol, CA, USA}
}

@ARTICLE{Heien2009501,
author={Heien, E.M., Anderson, D.P., Hagihara, K.},
title={Computing low latency batches with unreliable workers in volunteer computing environments},
journal={Journal of Grid Computing},
year={2009},
volume={7},
number={4},
pages={501-518},
note={cited By (since 1996) 6},
url={http://www.scopus.com/inward/record.url?eid=2-s2.0-77949653087&partnerID=40&md5=eeb97de8f3f840c9e51a7c6e27733c0c},
document_type={Article},
source={Scopus},
}

@inproceedings{Desell:2008:AHG:1389095.1389273,
 author = {Desell, Travis and Szymanski, Boleslaw and Varela, Carlos},
 title = {{An asynchronous hybrid genetic-simplex search for modeling the Milky Way galaxy using volunteer computing}},
 booktitle = {Proceedings of the 10th annual conference on Genetic and evolutionary computation},
 series = {GECCO '08},
 year = {2008},
 isbn = {978-1-60558-130-9},
 location = {Atlanta, GA, USA},
 pages = {921--928},
 numpages = {8},
 url = {http://doi.acm.org/10.1145/1389095.1389273},
 doi = {10.1145/1389095.1389273},
 acmid = {1389273},
 publisher = {ACM},
 address = {New York, NY, USA},
 keywords = {genetic algorithms, simplex method, volunteer computing},
} 

