@misc{mendez2011system,
  title={System and method for monitoring people and/or vehicles in urban environments},
  author={MENDEZ, F.M.},
  url={http://www.google.com/patents/EP2325823A1?cl=en},
  year={2011},
  month=may # "~25",
  publisher={Google Patents},
  note={EP Patent App. EP20,080,805,357}
}
@misc{IEEEBT,
  author = {},
  title = {{The IEEE public BT OUI listing}},
  howpublished = "\url{http://standards.ieee.org/develop/regauth/oui/oui.txt}",
  year = {2013}, 
  note = "[Online; accessed 30-Dec-2013]"
}

@misc{BitCarrier,
  author = {},
  title = {{BitCarrier}},
  howpublished = "\url{http://www.bitcarrier.com/}",
  year = {2013}, 
  note = "[Online; accessed 30-Dec-2013]"
}


@misc{Trafficnow,
  author = {},
  title = {{Trafficnow}},
  howpublished = "\url{http://www.trafficnow.com/}",
  year = {2013}, 
  note = "[Online; accessed 30-Dec-2013]"
}

@misc{TraffaxInc,
  author = {},
  title = {{TraffaxInc}},
  howpublished = "\url{http://www.TraffaxInc.com/}",
  year = {2013}, 
  note = "[Online; accessed 30-Dec-2013]"
}

@misc{SavariNetworks,
  author = {},
  title = {{SavariNetworks}},
  howpublished = "\url{http://www.SavariNetworks.com/}",
  year = {2013}, 
  note = "[Online; accessed 30-Dec-2013]"
}


@misc{TrafficCast,
  author = {},
  title = {{TrafficCast}},
  howpublished = "\url{http://www.TrafficCast.com/}",
  year = {2013}, 
  note = "[Online; accessed 30-Dec-2013]"
}

@misc{Intelify,
  author = {},
  title = {{Intelify}},
  howpublished = "\url{http://www.Intelify.net/}",
  year = {2013}, 
  note = "[Online; accessed 20-Nov-2013]"
}



@misc{CityAnalytics,
  author = {},
  title = {{Intelify}},
  howpublished = "\url{http://www.CityAnalytics.net/}",
  year = {2013}, 
  note = "[Online; accessed 20-Nov-2013]"
}


@misc{Ciudad2020,
  author = {},
  title = {{Intelify}},
  howpublished = "\url{http://www.Ciudad2020.com/}",
  year = {2013}, 
  note = "[Online; accessed 20-Nov-2013]"
}

@misc{Blobject,
  author = {Ciudad2020},
  title = {{CityAnalytics. Statistical Study.}},
  howpublished = "\url{http://bit.ly/TtnmLn}",
  year = {2013}, 
  note = "[Online; accessed 20-Nov-2013]"
}

@misc{wikiOUI,
  author = {Wikipedia},
  title = {{Organizationally unique identifier}},
  howpublished = "\url{http://en.wikipedia.org/wiki/Organizationally_unique_identifier}",
  year = {2013}, 
  note = "[Online; accessed 30-Dec-2013]"
}



@misc{wikiRBP,
  author = {Wikipedia},
  title = {{Raspberry Pi}},
  howpublished = "\url{http://en.wikipedia.org/wiki/Raspberry_Pi}",
  year = {2013}, 
  note = "[Online; accessed 30-Dec-2013]"
}


@techreport{martin2003detector,
  title={Detector technology evaluation},
  author={Martin, Peter T and Feng, Yuqi and Wang, Xiaodong and others},
  year={2003},
  institution={Mountain-Plains Consortium}
}


@inproceedings{gonzalez2010google,
  title={Google fusion tables: data management, integration and collaboration in the cloud},
  author={Gonzalez, Hector and Halevy, Alon and Jensen, Christian S and Langen, Anno and Madhavan, Jayant and Shapley, Rebecca and Shen, Warren},
  booktitle={Proceedings of the 1st ACM symposium on Cloud computing},
  pages={175--180},
  year={2010},
  organization={ACM}
}


@article{gonzalez2010socializing,
  title={Socializing Data with Google Fusion Tables},
  author={Gonzalez, Hector and Halevy, Alon and Langen, Anno and Madhavan, Jayant and McChesney, Rod and Shapley, Rebecca and Shen, Warren and Goldberg-Kidon, Jonathan},
  journal={Bulletin of the IEEE computer Society Technical Committee in Data Engineering},
  year={2010}
}

@book{rodrigue2013geography,
  title={The geography of transport systems},
  author={Rodrigue, Jean-Paul and Comtois, Claude and Slack, Brian},
  year={2013},
  publisher={Routledge}
}

@techreport{skszek2001state,
  title={" State-of-the-Art" Report on Non-Traditional Traffic Counting Methods},
  author={Skszek, Sherry L},
  year={2001},
  institution={Arizona Department of Transportation}
}



@article{hastie2005elements,
  title={The elements of statistical learning: data mining, inference and prediction},
  author={Hastie, Trevor and Tibshirani, Robert and Friedman, Jerome and Franklin, James},
  journal={The Mathematical Intelligencer},
  volume={27},
  number={2},
  pages={83--85},
  year={2005},
  publisher={Springer}
}

@book{eiben2003introduction,
  title={Introduction to evolutionary computing},
  author={Eiben, Agoston E and Smith, James E},
  year={2003},
  publisher={springer}
}

@book{michalewicz2004solve,
  title={How to solve it: modern heuristics},
  author={Michalewicz, Zbigniew and Fogel, David B},
  year={2004},
  publisher={Springer}
}

@book{yang2010nature,
  title={Nature-inspired metaheuristic algorithms},
  author={Yang, Xin-She},
  year={2010},
  publisher={Luniver press}
}

@inproceedings{castillo2001function,
  title={Function approximation with evolved multilayer perceptrons},
  author={Castillo, PA and Arenas, MG and Castellano, JG and Cillero, M and Merelo, JJ and Prieto, A and Rivas, V and Romero, G},
  booktitle={Proc. of Int'l Workshop on Evolutionary Computation (IWEC'2000) pp},
  pages={209--224},
  year={2001}
}

@article{rivas2003evolving,
  title={Evolving two-dimensional fuzzy systems},
  author={Rivas, V{\i}ctor M and Merelo, JJ and Rojas, Ignacio and Romero, Gustavo and Castillo, PA and Carpio, J},
  journal={Fuzzy sets and systems},
  volume={138},
  number={2},
  pages={381--398},
  year={2003},
  publisher={Elsevier}
}



@article{castillo2007comparing,
  title={Comparing evolutionary hybrid systems for design and optimization of multilayer perceptron structure along training parameters},
  author={Castillo, PA and Merelo, JJ and Arenas, Maribel Garc√≠a and Romero, Gustavo},
  journal={Information sciences},
  volume={177},
  number={14},
  pages={2884--2905},
  year={2007},
  publisher={Elsevier}
}

@incollection{arenas2005co,
  title={Co-evolving multilayer perceptrons along training sets},
  author={Arenas, Maribel Garc{\'\i}a and Castillo, PA and Romero, Gustavo and Rateb, Fatima and Merelo, JJ},
  booktitle={Computational Intelligence, Theory and Applications},
  pages={503--513},
  year={2005},
  publisher={Springer}
}

@book{han2006data,
  title={Data mining: concepts and techniques},
  author={Han, Jiawei and Kamber, Micheline and Pei, Jian},
  year={2006},
  publisher={Morgan kaufmann}
}

@article{lewicki2006statistics,
  title={Statistics: methods and applications},
  author={Lewicki, Pawel and Hill, Thomas},
  journal={Tulsa, OK. Statsoft},
  year={2006}
}

@book{nisbet2009handbook,
  title={Handbook of statistical analysis and data mining applications},
  author={Nisbet, Robert and Elder IV, John and Miner, Gary},
  year={2009},
  publisher={Academic Press}
}

@article{papazoglou2007service,
  title={Service oriented architectures: approaches, technologies and research issues},
  author={Papazoglou, Mike P and Van Den Heuvel, Willem-Jan},
  journal={The VLDB journal},
  volume={16},
  number={3},
  pages={389--415},
  year={2007},
  publisher={Springer}
}


@article{brown1959statistical,
  title={Statistical forecasting for inventory control},
  author={Brown, Robert G},
  year={1959},
  publisher={McGraw/Hill}
}

@article{winters1960forecasting,
  title={Forecasting sales by exponentially weighted moving averages},
  author={Winters, Peter R},
  journal={Management Science},
  volume={6},
  number={3},
  pages={324--342},
  year={1960},
  publisher={INFORMS}
}

@book{box2013time,
  title={Time series analysis: forecasting and control},
  author={Box, George EP and Jenkins, Gwilym M and Reinsel, Gregory C},
  year={2013},
  publisher={John Wiley \& Sons}
}

@ARTICLE{Tong1978575,
author={Tong, H.},
title={ON A THRESHOLD MODEL.},
year={1978},
pages={575-586},
url={http://www.scopus.com/inward/record.url?eid=2-s2.0-0018067185&partnerID=40&md5=c4baa3a9ad8ff6386c6a31985acb6dfa},
source={Scopus},
}

@article{qiu2011generalized,
  title={A generalized method for forecasting based on fuzzy time series},
  author={Qiu, Wangren and Liu, Xiaodong and Li, Hailin},
  journal={Expert Systems with Applications},
  volume={38},
  number={8},
  pages={10446--10453},
  year={2011},
  publisher={Elsevier}
}

@article{wang2011comparison,
  title={A comparison study between fuzzy time series model and ARIMA model for forecasting Taiwan export},
  author={Wang, Chi-Chen},
  journal={Expert Systems with Applications},
  volume={38},
  number={8},
  pages={9296--9304},
  year={2011},
  publisher={Elsevier}
}

@article{rivas2004evolving,
  title={Evolving RBF neural networks for time-series forecasting with EvRBF},
  author={Rivas, V Merelo and Merelo, JJ and Castillo, PA and Arenas, Maribel Garc{\'\i}a and Castellano, JG},
  journal={Information Sciences},
  volume={165},
  number={3},
  pages={207--220},
  year={2004},
  publisher={Elsevier}
}


@incollection{garcia2010distributed,
  title={A distributed service oriented framework for metaheuristics using a public standard},
  author={Garc{\'\i}a-S{\'a}nchez, Pablo and Gonz{\'a}lez, J and Castillo, Pedro A and Merelo, JJ and Mora, Antonio Miguel and Laredo, Juan Lu{\'\i}s Jim{\'e}nez and Arenas, Maribel Garc{\'\i}a},
  booktitle={Nature Inspired Cooperative Strategies for Optimization (NICSO 2010)},
  pages={211--222},
  year={2010},
  publisher={Springer}
}

@article{arsanjani2008soma,
  title={SOMA: A method for developing service-oriented solutions},
  author={Arsanjani, Ali and Ghosh, Shuvanker and Allam, Abdul and Abdollah, Tina and Ganapathy, Sella and Holley, Kerrie},
  journal={IBM systems Journal},
  volume={47},
  number={3},
  pages={377--396},
  year={2008},
  publisher={IBM}
}


@phdthesis{fielding2000architectural,
  title={Architectural styles and the design of network-based software architectures},
  author={Fielding, Roy Thomas},
  year={2000},
  school={University of California}
}



@article{fielding2002principled,
  title={Principled design of the modern Web architecture},
  author={Fielding, Roy T and Taylor, Richard N},
  journal={ACM Transactions on Internet Technology (TOIT)},
  volume={2},
  number={2},
  pages={115--150},
  year={2002},
  publisher={ACM}
}


@ARTICLE{Vinoski200884,
author={Vinoski, S.},
title={Serendipitous reuse},
journal={IEEE Internet Computing},
year={2008},
volume={12},
number={1},
pages={84-87},
url={http://www.scopus.com/inward/record.url?eid=2-s2.0-39549115062&partnerID=40&md5=943617d788cb25af88e4824189a3d2e7},
source={Scopus},
}

@book{daigneau2011service,
  title={Service Design Patterns: fundamental design solutions for SOAP/WSDL and restful Web Services},
  author={Daigneau, Robert},
  year={2011},
  publisher={Addison-Wesley}
}


@article{castillo2013using,
  title={Using SOAP and REST web services as communication protocol for distributed evolutionary computation},
  author={Castillo, Pedro A and Garc{\'\i}a-S{\'a}nchez, P and Arenas, MG and Mora, AM and Romero, G and Merelo, JJ},
  journal={INTERNATIONAL JOURNAL OF COMPUTERS \& TECHNOLOGY},
  volume={10},
  number={6},
  pages={1752--1770},
  year={2013}
}

@incollection{castillo2012distributed,
  title={Distributed evolutionary computation using soap and rest web services},
  author={Castillo, PA and Garc{\'\i}a-S{\'a}nchez, P and Arenas, MG and Bernier, JL and Merelo, JJ},
  booktitle={Advances in Intelligent Modelling and Simulation},
  pages={89--111},
  year={2012},
  publisher={Springer}
}

