% This file was created with JabRef 2.9.2.
% Encoding: Cp1252

@INPROCEEDINGS{DBLP:conf/3pgcic/GuervosMFEL12,
  author = {Juan J. Merelo Guerv{\'o}s and Antonio Miguel Mora and Carlos M.
	Fernandes and Anna Isabel Esparcia-Alc{\'a}zar and Juan Lu\'{\i}s
	Jim{\'e}nez Laredo},
  title = {Pool vs. Island Based Evolutionary Algorithms: An Initial Exploration},
  booktitle = {3PGCIC},
  year = {2012},
  pages = {19-24},
  bibsource = {DBLP, http://dblp.uni-trier.de},
  crossref = {DBLP:conf/3pgcic/2012},
  ee = {http://dx.doi.org/10.1109/3PGCIC.2012.56}
}

@proceedings{DBLP:conf/3pgcic/2012,
  added-at = {2012-12-03T00:00:00.000+0100},
  biburl = {http://www.bibsonomy.org/bibtex/2ffc25ed2742b81df39fdb66407d82a53/dblp},
  booktitle = {3PGCIC},
  editor = {Xhafa, Fatos and Barolli, Leonard and Li, Kin Fun},
  ee = {http://ieeexplore.ieee.org/xpl/mostRecentIssue.jsp?punumber=6362367},
  interhash = {bcb23a76a512d41bb01bad2fadaab038},
  intrahash = {ffc25ed2742b81df39fdb66407d82a53},
  isbn = {978-1-4673-2991-0},
  keywords = {dblp},
  publisher = {IEEE},
  timestamp = {2012-12-03T00:00:00.000+0100},
  title = {2012 Seventh International Conference on P2P, Parallel, Grid, Cloud and Internet Computing, 3PGCIC 2012, Victoria, BC, Canada, November 12-14, 2012},
  url = {http://dblp.uni-trier.de/db/conf/3pgcic/3pgcic2012.html},
  year = 2012
}

@ARTICLE{adeli1994concurrent,
  author = {Adeli, Hojjat and Cheng, Nai-Tsang},
  title = {Concurrent genetic algorithms for optimization of large structures},
  journal = {Journal of Aerospace Engineering},
  year = {1994},
  volume = {7},
  pages = {276--296},
  number = {3},
  publisher = {American Society of Civil Engineers}
}

@CONFERENCE{AmandaBienz2011,
  author = {Amanda Bienz and Kossi Fokle and Zachary Keller and Ed Zulkoski and Scott Thede},
  title = {A Generalized Parallel Genetic Algorithm in Erlang},
  year = {2011},
  organization = {Midstates Conference For Undergraduate Research in Computer Science
	and Mathematics},
  owner = {jalbert},
  timestamp = {2013.03.19}
}

@ARTICLE{Santos2002,
  author = {L.M. Santos},
  title = {Evolutionary Computation in Ada95, A Genetic Algorithm approach},
  journal = {Ada User Journal},
  year = {2002},
  volume = {23},
  number = {4},
  owner = {jalbert},
  timestamp = {2013.03.17}
}

@ARTICLE{Tagawa201212,
  author = {Tagawa, K.},
  title = {Concurrent differential evolution based on generational model for
	multi-core CPUs},
  journal = {Lecture Notes in Computer Science (including subseries Lecture Notes
	in Artificial Intelligence and Lecture Notes in Bioinformatics)},
  year = {2012},
  volume = {7673 LNCS},
  pages = {12-21},
  note = {cited By (since 1996) 0},
  document_type = {Conference Paper},
  source = {Scopus},
  url = {http://www.scopus.com/inward/record.url?eid=2-s2.0-84871360292&partnerID=40&md5=d7abec191e03a6336ba8b51ef707a54a}
}

@book{GA_Goldberg89,
  author = 	 "David E. Goldberg",
  title = 	 "Genetic Algorithms in search, optimization and
		  machine learning",
  publisher = 	 "Addison Wesley",
  year = 	 1989
}
