@ARTICLE{Opp_Security11,
	AUTHOR = "R. Oppliger",
	TITLE = "Security and Privacy in an Online World",
	JOURNAL = "IEEE Computer",
	VOLUME = {44},
	NUMBER = {9},
	PAGES = {21-22},
	MONTH = "September",
	YEAR = {2011}	
}

@BOOK{Adams_Users05,
	AUTHOR       = "A. Adams and A.S. Sasse",
	TITLE        = "Users are not the enemy",
	PUBLISHER    = "O\'Reilly Associations",
	YEAR         = "2005",
	SERIES       = "Security and Usability: Designing Systems That People Can Use"
}

@BOOK{Schu_SecPatterns05,
	AUTHOR       = "M. Schumacher and E. Fernandez-Buglioni and D. Hybertson and F. Buschmann and P. Sommerlad",
	TITLE        = "Security Patterns: Integrating Security and Systems Engineering",
	PUBLISHER    = "John Wiley \& sons",
	YEAR         = "2005",
}

@MISC{IBM_tool,
	AUTHOR       = "IBM",
	TITLE        = "Hosted Mobile Device Security Management",
	NOTE         = "http://www-935.ibm.com/services/us/en/it-services/managed-security-services-cloud-computing-hosted-mobile-device-security-management.html"
}

@MISC{Sophos_tool,
	AUTHOR       = "Sophos",
	TITLE        = "Mobile Control",
	NOTE         = "http://www.sophos.com/en-us/products/mobile-control.aspx"
}

@MISC{Good_tool,
	AUTHOR       = "Good Technology",
	TITLE        = "BYOD Solution",
	NOTE         = "http://www1.good.com/secure-mobility-solution/bring-your-own-device.html"
}

@MISC{Samsung_tool,
	AUTHOR       = "Samsung",
	TITLE        = "KNOX",
	NOTE         = "http://www.samsung.com/global/business/mobile/solution/security/samsung-knox"
}

@MISC{Blackberry_tool,
	AUTHOR       = "Blackberry",
	TITLE        = "Blackberry Balance",
	NOTE         = "http://es.blackberry.com/business/software/blackberry-balance.html"
}
