@inproceedings{Papakos,
 author = {Papakos, Panagiotis and Capra, Licia and Rosenblum, David S.},
 title = {VOLARE: context-aware adaptive cloud service discovery for mobile systems},
 booktitle = {Proceedings of the 9th International Workshop on Adaptive and Reflective Middleware},
 series = {ARM '10},
 year = {2010},
 isbn = {978-1-4503-0455-9},
 location = {Bangalore, India},
 pages = {32--38},
 numpages = {7},
 url = {http://doi.acm.org/10.1145/1891701.1891706},
 doi = {10.1145/1891701.1891706},
 acmid = {1891706},
 publisher = {ACM},
 address = {New York, NY, USA},
 keywords = {cloud computing, context awareness, mobile systems, quality of service, semantic web, service discovery},
} 

[download] 

@article{Iqbal2011871,
title = "Adaptive resource provisioning for read intensive multi-tier applications in the cloud ",
journal = "Future Generation Computer Systems ",
volume = "27",
number = "6",
pages = "871 - 879",
year = "2011",
note = "",
issn = "0167-739X",
doi = "http://dx.doi.org/10.1016/j.future.2010.10.016",
url = "http://www.sciencedirect.com/science/article/pii/S0167739X10002098",
author = "Waheed Iqbal and Matthew N. Dailey and David Carrera and Paul Janecek",
keywords = "Cloud computing",
keywords = "Adaptive resource management",
keywords = "Quality of service",
keywords = "Multi-tier applications",
keywords = "Service-Level Agreement",
keywords = "Scalability "
}

