@article{evin:mm,
        author={Maestro-Montojo,J. and Salcedo-Sanz,S. and Merelo,J. J.},
        year={2014},
        title={New solver and optimal anticipation strategies design based on evolutionary computation for the game of MasterMind},
        journal={Evolutionary Intelligence},
        pages={1-10},
}

@article{evin:dominion,
        author={Winder,R. K.},
        year={2014},
        title={Methods for approximating value functions for the Dominion card game},
        journal={Evolutionary Intelligence},
        pages={1-10},
        note={Article in Press},
        url={www.scopus.com},
}

@article{evin:mario,
author= { A.M. Mora and  J.J. Merelo and P. Garc\'ia-S\'anchez and P.A. Castillo and M.S. Rodr\'iguez-Domingo and R.M. Hidalgo-Berm\'udez},
year= {2014},
        journal={Evolutionary Intelligence},
title= {Creating Autonomous Agents for Super Mario Game with Evolutionary FSMs}}

@inproceedings{mahlmann2012evolving,
  title={Evolving card sets towards balancing dominion},
  author={Mahlmann, Tobias and Togelius, Julian and Yannakakis, Georgios N},
  booktitle={Evolutionary Computation (CEC), 2012 IEEE Congress on},
  pages={1--8},
  year={2012},
  organization={IEEE}
}

@inproceedings{togelius2009super,
  title={Super mario evolution},
  author={Togelius, Julian and Karakovskiy, Sergey and Koutn{\'\i}k, Jan and Schmidhuber, J{\"u}rgen},
  booktitle={Computational Intelligence and Games, 2009. CIG 2009. IEEE Symposium on},
  pages={156--161},
  year={2009},
  organization={IEEE}
}

@Article{Knuth,
  author = 	 "Donald E. Knuth",
  title = 	 "The Computer as {M}aster {M}ind",
  journal =	 "J. Recreational Mathematics",
  year =	 "1976-77",
  volume =	 9,
  number = 1,
  pages =	 "1--6"
}

