@incollection{fjdiego-vrp,
year={2012},
isbn={978-1-4471-2320-0},
booktitle={Industrial Engineering: Innovative Networks},
editor={Sethi, Suresh P. and Bogataj, Marija and Ros-McDonnell, Lorenzo},
doi={10.1007/978-1-4471-2321-7_43},
title={Parallel CUDA Architecture for Solving de VRP with ACO},
url={http://dx.doi.org/10.1007/978-1-4471-2321-7_43},
publisher={Springer London},
author={Diego, FranciscoJavier and Gómez, EvaMaría and Ortega-Mier, Miguel and García-Sánchez, Alvaro},
pages={385-393},
language={English}
}

@article{ACO-on-GPU_Develacq,
  author    = {Audrey Delevacq and
               Pierre Delisle and
               Marc Gravel and
               Micha{\"e}l Krajecki},
  title     = {Parallel Ant Colony Optimization on Graphics Processing
               Units},
  journal   = {J. Parallel Distrib. Comput.},
  publisher  = {Elsevier},
  volume    = {73},
  number    = {1},
  year      = {2013},
  pages     = {52-61}
}
@article{Cecilia201342,
title = "Enhancing data parallelism for Ant Colony Optimization on GPUs",
journal = "Journal of Parallel and Distributed Computing",
volume = "73",
number = "1",
pages = "42 - 51",
year = "2013",
note = "<ce:title>Metaheuristics on GPUs</ce:title>",
issn = "0743-7315",
doi = "10.1016/j.jpdc.2012.01.002",
url = "http://www.sciencedirect.com/science/article/pii/S0743731512000032",
author = "José M. Cecilia and José M. García and Andy Nisbet and Martyn Amos and Manuel Ujaldón",
keywords = "Metaheuristics",
keywords = "GPU programming",
keywords = "Ant Colony Optimization",
keywords = "TSP",
keywords = "Performance analysis"
}

@inproceedings{PSO-GPU_Mussi,
 author = {Luca Mussi and Youssef S.G. Nashed and Stefano Cagnoni},
 title = {GPU-based asynchronous particle swarm optimization},
 booktitle = {Proceedings of the 13th annual conference on Genetic and
evolutionary computation},
 series = {GECCO '11},
 year = {2011},
 location = {Dublin, Ireland},
 pages = {1555--1562},
 publisher = {ACM}
}
