@article{10.1109/MAHC.2010.28,
author = {Jonathan G. Koomey and Stephen Berard and Marla Sanchez and Henry Wong},
title = {Implications of Historical Trends in the Electrical Efficiency of Computing},
journal ={IEEE Annals of the History of Computing},
volume = {33},
issn = {1058-6180},
year = {2011},
pages = {46-54},
doi = {http://doi.ieeecomputersociety.org/10.1109/MAHC.2010.28},
publisher = {IEEE Computer Society},
address = {Los Alamitos, CA, USA},
}

@article{springerlink:10.1007/s00500-011-0754-8,
year={2012},
issn={1432-7643},
journal={Soft Computing},
volume={16},
issue={3},
doi={10.1007/s00500-011-0754-8},
title={Metaheuristic optimization frameworks: a survey and benchmarking},
url={http://dx.doi.org/10.1007/s00500-011-0754-8},
publisher={Springer-Verlag},
author={Parejo, JoséAntonio and Ruiz-Cortés, Antonio and Lozano, Sebastián and Fernandez, Pablo},
pages={527-561},
language={English}
}

@article{10.1109/SC.2004.26,
author = {Zhe Fan and Feng Qiu and Arie Kaufman and Suzanne Yoakum-Stover},
title = {GPU Cluster for High Performance Computing},
journal ={SC Conference},
volume = {0},
isbn = {0-7695-2153-3},
year = {2004},
pages = {47},
doi = {http://doi.ieeecomputersociety.org/10.1109/SC.2004.26},
publisher = {IEEE Computer Society},
address = {Los Alamitos, CA, USA},
}

@ARTICLE{Oh2004,
  author =       {Kyoung-Su Oh and Keechul Jung},
  title =        {GPU implementation of neural networks},
  journal =      {Pattern Recognition, vol. 37, n.6, pp. 1311-1314},
  year =         {2004}
}

@ARTICLE{Luo2005,
  author =       {Z. Luo and H. Liu and X.Wu},
  title =        {Artificial Neural Network Computation on Graphic Process Unit},
  journal =      {Proceedings of the 2005 IEEE International Joint Conference on Neural Networks, vol. 1, pp.622-626, ISBN: 0-7803-9048-2},
  year =         {2005}
}

@ARTICLE{Martinez2007,
  author =       {M. Martinez-Zarzuela and and F. Diaz-Pernas and J. Diez and M. Anton},
  title =        {Fuzzy ART Neural Network Parallel Computing on the GPU},
  journal =      {LNCS 4507, pp.463-470},
  year =         {2007}
}

@ARTICLE{Martinez2010,
  author =       {M. Martinez-Zarzuela and and F. Diaz-Pernas and J. Diez and M. Anton and D. Gonzalez and D. Boto and F. Lopez and I. DelaTorre},
  title =        {Multi-scale Neural Texture Classification using the GPU as a Stream Processing Engine},
  journal =      {Machine Vision and Applicactions, (In press)},
  year =         {2010}
}

@ARTICLE{Meuth2006,
  author =       {R. J. Meuth and D. C. Wunsch},
  title =        {A SURVEY OF NEURAL COMPUTATION ON GRAPHICS PROCESSING HARDWARE},
  journal =      {IEEE 22nd International Symposium on Intelligent Control (ISIC 2007). pp. 524 - 527, ISSN 1085-1992,  ISBN 978-1-4244-0441-4},
  year =         {2007}
}

@ARTICLE{url2,
  author =       {billconan and kavinguy},
  title =        {ANN Libraries to develop on GPUs},
  journal =      {http://www.codeproject.com/KB/graphics/GPUNN.aspx},
  year =         {2011}
}

@inproceedings{BernhardCITA17,
  author    = {Fabrice Bernhard and
               Renaud Keriven},
  title     = {Spiking Neurons on GPUs},
  booktitle = {International Conference on Computational Science (4)},
  year      = {2006},
  pages     = {236-243},
  ee        = {http://dx.doi.org/10.1007/11758549_36},
  crossref  = {DBLP:conf/iccS/2006-4},
  bibsource = {DBLP, http://dblp.uni-trier.de}
}

@proceedings{DBLP:conf/iccS/2006-4,
  editor    = {Vassil N. Alexandrov and
               G. Dick van Albada and
               Peter M. A. Sloot and
               Jack Dongarra},
  title     = {Computational Science - ICCS 2006, 6th International Conference,
               Reading, UK, May 28-31, 2006, Proceedings, Part IV},
  booktitle = {International Conference on Computational Science (4)},
  publisher = {Springer},
  series    = {Lecture Notes in Computer Science},
  volume    = {3994},
  year      = {2006},
  address   = {--},
  isbn      = {3-540-34385-7},
  bibsource = {DBLP, http://dblp.uni-trier.de}
}

@misc{opencl,
  author = {A. Munshi},
  title = {{The OpenCL Specification}},
  howpublished = {\url{http://www.khronos.org/opencl}},
  note = {Accessed: 20/01/2014},
  year = 2014
}

@misc{amd,
  author = {AMD Corporation},
  title = {{AMD Homepage}},
  howpublished = {\url{http://www.amd.com}},
  note = {Accessed: 20/01/2014},
  year = 2014
}

@misc{nvidia,
author = {{NVidia} Corporation},
  title = {{NVIDIA Homepage}},
  howpublished = {\url{http://www.nvidia.com}},
  note = {Accessed: 20/01/2014},
  year = 2014
}

@misc{intel,
  author = {Intel Corporation},
  title = {{Intel Homepage}},
  howpublished = {\url{http://www.intel.com}},
  note = {Accessed: 20/01/2014},
  year = 2014
}

@article{DBLP:journals/corr/abs-1212-6326,
  author    = {Denis Demidov and
               Karsten Ahnert and
               Karl Rupp and
               Peter Gottschling},
  title     = {Programming CUDA and OpenCL: A Case Study Using Modern C++
               Libraries},
  journal   = {CoRR},
  volume    = {abs/1212.6326},
  year      = {2012},
  ee        = {http://arxiv.org/abs/1212.6326},
  bibsource = {DBLP, http://dblp.uni-trier.de}
}

