@article{Contreras:2012:UGA:2150467.2150469,
year={2012},
issn={1432-7643},
journal={Soft Computing},
volume={16},
issue={2},
doi={10.1007/s00500-011-0714-3},
title={Using a GPU-CPU architecture to speed up a GA-based real-time system for trading the stock market},
url={http://dx.doi.org/10.1007/s00500-011-0714-3},
publisher={Springer-Verlag},
keywords={Genetic algorithms; GPU; Trading systems},
author={Contreras, Iván and Jiang, Yiyi and Hidalgo, J.Ignacio and Núñez-Letamendia, Laura},
pages={203-215},
language={English}
}

@INPROCEEDINGS{5586286, 
author={Soca, N. and Blengio, J.L. and Pedemonte, M. and Ezzatti, P.}, 
booktitle={Evolutionary Computation (CEC), 2010 IEEE Congress on}, 
title={PUGACE, a cellular Evolutionary Algorithm framework on GPUs}, 
year={2010}, 
month={july}, 
volume={}, 
number={}, 
pages={1 -8},
publisher={IEEE},
address={New York, NY, USA}, 
keywords={GPU;PUGACE algorithm;cellular evolutionary algorithm;general-purpose shared memory multiprocessor;metaheuristics parallelization;optimization problem;quadratic assignment problem;search pattern;computer graphic equipment;evolutionary computation;search problems;shared memory systems;}, 
doi={10.1109/CEC.2010.5586286}, 
ISSN={},}

@INPROCEEDINGS{5586530, 
author={Vidal, P. and Alba, E.}, 
booktitle={Evolutionary Computation (CEC), 2010 IEEE Congress on}, 
title={A multi-GPU implementation of a Cellular Genetic Algorithm}, 
year={2010}, 
month={july}, 
volume={}, 
number={}, 
pages={1 -7}, 
publisher={IEEE},
address={New York, NY, USA},
keywords={CPU;NVIDIA CUDA technology;cellular genetic algorithm;multiGPU cGA model;multiGPU implementation;parallel computing;coprocessors;genetic algorithms;parallel processing;}, 
doi={10.1109/CEC.2010.5586530}, 
ISSN={},}

@inproceedings{Pedemonte:2011:BOG:2001858.2002031,
 author = {Pedemonte, Mart\'{\i}n and Alba, Enrique and Luna, Francisco},
 title = {Bitwise operations for GPU implementation of genetic algorithms},
 booktitle = {Proceedings of the 13th annual conference companion on Genetic and evolutionary computation},
 series = {GECCO '11},
 year = {2011},
 isbn = {978-1-4503-0690-4},
 location = {Dublin, Ireland},
 pages = {439--446},
 numpages = {8},
 url = {http://doi.acm.org/10.1145/2001858.2002031},
 doi = {10.1145/2001858.2002031},
 acmid = {2002031},
 publisher = {ACM},
 address = {New York, NY, USA},
 keywords = {binary-coded genetic algorithm, cuda, evolutionary computation, gpgpu, gpu, parallelization},
} 

@INPROCEEDINGS{5586403, 
author={Van Luong, T. and Melab, N. and Talbi, E.-G.}, 
booktitle={Evolutionary Computation (CEC), 2010 IEEE Congress on}, 
title={Parallel hybrid evolutionary algorithms on GPU}, 
year={2010}, 
month={july}, 
volume={}, 
number={}, 
pages={1 -8}, 
publisher={IEEE},
address={New York, NY, USA},
keywords={GPU;evolutionary algorithms;hybrid evolutionary algorithms;hybrid metaheuristics;local search;optimization;parallel computing;computer graphic equipment;coprocessors;evolutionary computation;metacomputing;optimisation;parallel algorithms;}, 
doi={10.1109/CEC.2010.5586403}, 
ISSN={},}

