@InProceedings{FTVB00,
  author =       "F. Fernandez and M. Tomassini and L. Vanneschi and
                 L. Bucher",
  title =        "A Distributed Computing Environment for Genetic
                 Programming using {MPI}",
  editor =       "J. J. Dongarra and Peter Kacsuk and
                 Norbert Podhorszki",
  booktitle =    "Recent advances in parallel virtual machine and
                 message passing interface: 7th European {PVM\slash MPI}
                 Users' Group Meeting",
  volume =       "1908",
  publisher =    "Springer-Verlag",
  address =      "Balatonfured, Hungary",
  pages =        "322--329",
  year =         "2000",
  ISBN =         "3-540-41010-4 (softcover)",
  ISSN =         "0302-9743",
  bibdate =      "Mon Oct 16 18:31:56 MDT 2000",
  series =       "Lecture Notes in Computer Science",
  month =        "10-13 " # sep,
  keywords =     "genetic algorithms, genetic programming",
}
@InProceedings{FSTG99,
  author =       "F. Fernandez and J. M. Sanchez and M. Tomassini and
                 J. A. Gomez",
  title =        "A Parallel Genetic Programming Tool based on {PVM}",
  booktitle =    "Recent Advances in Parallel Virtual Machine and
                 Message Passing Interface, Proceedings of the 6th
                 European PVM/MPI Users' Group Meeting",
  series =       "Lecture Notes in Computer Science",
  editor =       "J. Dongarra and E. Luque and T. Margalef",
  volume =       "1697",
  pages =        "241--248",
  publisher =    "Springer-Verlag",
  ISBN =         "3-540-66549-8",
  year =         "1999",
  month =        sep,
  address =      "Barcelona, Spain",
  keywords =     "genetic algorithms, genetic programming",
}
@Article{Fernandez:2003:GPEM,
  author =       "Francisco Fernandez and Marco Tomassini and
                 Leonardo Vanneschi",
  title =        "An Empirical Study of Multipopulation Genetic
                 Programming",
  journal =      "Genetic Programming and Evolvable Machines",
  year =         "2003",
  volume =       "4",
  number =       "1",
  pages =        "21--51",
  month =        mar,
  keywords =     "genetic algorithms, genetic programming, distributed
                 evolutionary algorithms, parallel algorithms,
                 structured populations",
  ISSN =         "1389-2576",
  abstract =     "This paper presents an experimental study of
                 distributed multipopulation genetic programming. Using
                 three well-known benchmark problems and one real-life
                 problem, we discuss the role of the parameters that
                 characterise the evolutionary process of standard
                 panmictic and parallel genetic programming. We find
                 that distributing individuals between subpopulations
                 offers in all cases studied here an advantage both in
                 terms of the quality of solutions and of the
                 computational effort spent, when compared to single
                 populations. We also study the influence of
                 communication patterns such as the communication
                 topology, the number of individuals exchanged and the
                 frequency of exchange on the evolutionary process. We
                 empirically show that the topology does not have a
                 marked influence on the results for the test cases
                 studied here, while the frequency and number of
                 individuals exchanged are related and there exists a
                 suitable range for those parameters which is
                 consistently similar for all the problems studied.",
  notes =        "Article ID: 5113071",
}

@InProceedings{fernandez:2001:EuroGP,
  author =       "Francisco Fernandez and Marco Tomassini and
                 Leonardo Vanneschi",
  title =        "Studying the Influence of Communication Topology and
                 Migration on Distributed Genetic Programming",
  booktitle =    "Genetic Programming, Proceedings of EuroGP'2001",
  year =         "2001",
  editor =       "Julian F. Miller and Marco Tomassini and
                 Pier Luca Lanzi and Conor Ryan and Andrea G. B. Tettamanzi
and
                 William B. Langdon",
  volume =       "2038",
  series =       "LNCS",
  pages =        "51--63",
  address =      "Lake Como, Italy",
  publisher_address = "Berlin",
  month =        "18-20 " # apr,
  organisation = "EvoNET",
  publisher =    "Springer-Verlag",
  keywords =     "genetic algorithms, genetic programming, Distributed
                 Genetic Programming, Parallelism, Multipopulation
                 structures, Parallel evolutionary algorithms",
  ISBN =         "3-540-41899-7",
  size =         "13 pages",
  abstract =     "In this paper we present a systematic experimental
                 study of some of the parameters influencing parallel
                 and distributed genetic programming (PADGP) by using
                 three benchmark problems. We first present results on
                 the system's communication topology and then we study
                 the parameters governing individual migration between
                 subpopulations: the number of individuals sent and the
                 frequency of exchange. Our results suggest that fitness
                 evolution is more sensitive to the migration factor
                 than the communication topology.",
  notes =        "EuroGP'2001, part of miller:2001:gp",
}

@InProceedings{folino:2001:EuroGP,
  author =       "Gianluigi Folino and Clara Pizzuti and
                 Giandomenico Spezzano",
  title =        "{CAGE}: {A} Tool for Parallel Genetic Programming
                 Applications",
  booktitle =    "Genetic Programming, Proceedings of EuroGP'2001",
  year =         "2001",
  editor =       "Julian F. Miller and Marco Tomassini and
                 Pier Luca Lanzi and Conor Ryan and Andrea G. B. Tettamanzi
and
                 William B. Langdon",
  volume =       "2038",
  series =       "LNCS",
  pages =        "64--73",
  address =      "Lake Como, Italy",
  publisher_address = "Berlin",
  month =        "18-20 " # apr,
  organisation = "EvoNET",
  publisher =    "Springer-Verlag",
  keywords =     "genetic algorithms, genetic programming, Parallel
                 programming, Cellular model",
  ISBN =         "3-540-41899-7",
  size =         "10 pages",
  abstract =     "A new parallel implementation of genetic programming
                 based on the cellular model is presented and compared
                 with the island model approach. Although the widespread
                 belief that cellular model is not suitable for parallel
                 genetic programming implementations, experimental
                 results show a better convergence with respect to the
                 island approach, a good scale-up behaviour and a nearly
                 linear speed-up.",
  notes =        "EuroGP'2001, part of miller:2001:gp",
}
@InProceedings{oussaidene:1996:pGPtme,
  author =       "Mouloud Oussaidene and Bastien Chopard and
                 Olivier V. Pictet and Marco Tomassini",
  title =        "Parallel Genetic Programming: An Application to
                 Trading Models Evolution",
  booktitle =    "Genetic Programming 1996: Proceedings of the First
                 Annual Conference",
  editor =       "John R. Koza and David E. Goldberg and
                 David B. Fogel and Rick L. Riolo",
  year =         "1996",
  month =        "28--31 " # jul,
  keywords =     "Genetic Programming, Genetic Algorithms",
  pages =        "357--380",
  address =      "Stanford University, CA, USA",
  publisher =    "MIT Press",
  URL =          "http://cuiwww.unige.ch/~chopard/Genetics/GP96.ps",
  size =         "6 pages",
  notes =        "GP-96 PVM3 PGPS master-slave slaves given an
                 individual program to evaluate. IBM SP-2. Considers
                 static v. dynamic scheduling of tasks to slaves (little
                 difference). Near linear speed up.

                 Simulated foreign exchange trading, 7 years of data on
                 7 currency pairs. Best S-expression 7 nodes. Olsen and
                 associates research institute",
}

@ARTICLE{ackley,
  AUTHOR =       "D. H. Ackley",
  TITLE =        "A Connectionist Machine for Genetic Hillclimbing.",
  JOURNAL =      "Boston: Kluwer Academic Publishers",
  YEAR =         "1987",
}

@article{blxalpha,
author      = "Francisco Herrera and  Manuel Lozano and E. Pérez and A.M. Sánchez and P. Villar",
title       = "Multiple Crossover per Couple with Selection of the Two Best Offspring: An Experimental Study with the BLX-alpha Crossover Operator for Real-Coded Genetic Algorithms",
journal     = "IBERAMIA",
pages       = "392--401",
year        = 2002 }



@article{Crowl94a,
author      = "Lawrence A. Crowl",
title       = "How to Measure, Present, and Compare Parallel Performance",
journal     = "IEEE Parallel \& Distributed Technology",
volume      = 2,
number      = 1,
pages       = "9--25",
month       = "Spring",
year        = 1994 }


@ARTICLE{TZ89,
  author =       {A. T\"{o}rn and A. Zilinskas},
  title =        "{Global Optimization}",
  journal =      "{Lecture Notes in Computer Science}",
  year =         {1989},
  volume =       {350},
}
@ARTICLE{MSB91,
  author =       {H. M\"{u}hlenbein and D. Schomisch and J. Born},
  title =        "{The Parallel Genetic Algorithm as Function Optimizer}",
  journal =      "{Parallel Computing}",
  year =         {1991},
  volume =      {17},
  number =       {6-7},
  pages =        {619-632},
}



@ARTICLE{,
  AUTHOR =       "Lawrence A. Crowl",
  TITLE =        "How to Measure, present, and Compare Parallel Performance",
  JOURNAL =      "IEEE Parallel adn Distributed Technology",
  YEAR =         "1994",
  volume =       "1",
  number =       "2",
  pages =        "9-25",
  month =        "Spring",
}


@ARTICLE{CGKK97,
  AUTHOR =       "Patrice Cal{\'e}gari and Frederic Guidec and pierre kuonen and Daniel Kobler",
  TITLE =        "parallel island-Based Genetic Algorithm for Radio Network Design",
  JOURNAL =      "Journal of Parallel And Distributed Computing",
  YEAR =         "1997",
  volume =       "47",
  number =       "1",
  pages =        "86-90",
}


@BOOK{Back1996,
  AUTHOR =       "Thomas Bäck",
  TITLE =        "Evolutionary Algorithms in Theory and Practice",
  PUBLISHER =    "Oxford University",
  YEAR =         "1996",
  isbn =         "0-19-509971-0",
}

@INPROCEEDINGS{eberbach00expressing,
  AUTHOR =       "Augene Eberbach",
  TITLE =        "Expressing Evolutionary Computation, Genetic Programming, Artifical Life, Autonomous Agents and {DNA}-Based Computing in \$-Calculus",
  BOOKTITLE =    "Proceedings of the 2000 Congress on Evolutonary Computation CEC00",
  YEAR =         "2000",
  pages =        "1361-1368",
  address =      "La Jolla Marriott Hotel La Jolla, California, USA",
  month =        "6-9",
  publisher =    "IEEE Press",
}

@INPROCEEDINGS{smith98Framework,
  author =       "Robert C. Smith and Nick Taylor",
  title =        "A Framework for Evolutionary Computation in Agent-Based Systems.",
  BOOKTITLE =    "Proceedings of the 1998 International Conference on Intelligent Systems",
  YEAR =         "1998",
  pages =        "221-224",
  address =      "Looney",
}


@INPROCEEDINGS{Franklin:96,
  AUTHOR =       "S. Franklin and A. Graesser",
  TITLE =        "It is an agent, or just a Program?",
  BOOKTITLE =    "Intelligent Agents {III}. Agents Theories, Architectures and Languajes ({ATAL'96})",
  YEAR =         "1996",
  volume =       "1193",
  series =       "Springer-Verlag",
  address =      "Berlin, Germany",
}

%------------------------------------------------------------

@Book{StLaurent:2001:PWS,
  author =       "Simon {St. Laurent} and Joe Johnston and Edd Dumbill",
  title =        "Programming {Web} Services with {XML-RPC}",
  publisher =    "O' Reilly \& Associates, Inc.",
  address =      "103a Morris Street, Sebastopol, CA 95472, USA.",
  pages =        "213",
  month =        jun,
  year =         "2001",
  ISBN =         "0-596-00119-3",
  LCCN =         "QA76.76.H94 O7 2001",
  bibdate =      "Mon Jul 30 06:50:24 MDT 2001",
  bibsource =    "http://www.oreilly.com/catalog/",
  price =        "US\$34.95",
  URL =          "http://www.oreilly.com/catalog/progxmlrpc",
  acknowledgement = ack-nhfb,
}

%------------------------------------------------------------

@article{maassen01efficient,
    author = "Jason Maassen and Rob Van Nieuwpoort and Ronald Veldema and Henri E. Bal and Thilo Kielmann and Ceriel J. H. Jacobs and Rutger F. H. Hofman",
    title = "Efficient Java {RMI} for parallel programming",
    journal = "Programming Languages and Systems",
    volume = "23",
    number = "6",
    pages = "747-775",
    year = "2001",
    url = "citeseer.nj.nec.com/article/maassen00efficient.html" }


%------------------------------------------------------------

@InProceedings{EALba:2002:AEB,
  author = {Enrique Alba and antonio J. Nebro and Francisco Chicano},
  title =  {Meterogeneidad, WAN y Nuevas Aplicaciones de los Algoritmos Evolutivos Paralelos},
  booktitle = {Actas del I Congreso Español de Algoritmos Evolutivos y Bioinspirados},
  editor =  {Universidad de Mérida},
  year =         {2002},
  pages =        {402-409},
  address =      {Merida, Badajoz},
  month  =   {Febrery},
  keywords = {Parallel Evolutionary Computation},
  isbn   =   {84-607-3913-9},
  notes  =   {AEB'02},
}

%------------------------------------------------------------

@Article         {CORBA99,
  author =   {M. Henning and S. Vinoski},
  title =    {{Advanced CORBA Programming with C++}},
  journal=   {Addison-Wesley Professional Computing Series. ISBN 0-201-37927-9. Addison-Wesley Longman, Inc.},
  year =     1999
}

%------------------------------------------------------------

@Article         {CORBAweb,
  author =   {Object Management Group},
  title =    {{Object Management Group Home Page}},
  journal=   {Website at {\sf http://www.omg.org/}},
  year =     2000
}

%------------------------------------------------------------

@Article         {COMweb,
  author =   {Microsoft},
  title =    {Microsoft COM Technologies - Information and Resources for the Component Object Model-based technologies},
  journal=   {Website at {\sf http://www.microsoft.com/com/}},
  year =     2000
}

%------------------------------------------------------------

@Article         {EO:2000,
  author =   {J.J. Merelo and  J. Carpio and  P.A. Castillo and  V.M. Rivas and  G. Romero},
  title =    {Evolving Objects},
  journal=   {In Proc. of Int'l Workshop on Evolutionary computation (IWEC'2000)},
  pages = { 202-208},
  address = {State Key Laboratory of Software Engineering. Wuhan University},
  year =     {2000}
}

%------------------------------------------------------------

@Article         {EO1999,
  author =   {J.J. Merelo and  J. Carpio and  P.A. Castillo and  V.M. Rivas and  G. Romero},
  title =    {Evolving Objects},
  journal=   {Technical report available at {\sf http://geneura.ugr.es/\~{}jmerelo/EOPaper/}},
  year =     1999
}

%------------------------------------------------------------

@Article         {Maynard75,
        author = {J. Maynard-Smith},
         title = {The theory of evolution},
       journal = {Penguin},
          year = 1975
}

%------------------------------------------------------------
@Book{P2P:book:2001,
  author =    {Nelson Minar and Marc Hedlund and Clay Shirky and Tim O'Reilly and Dan Bricklin and David Anderson and Jeremie Miller and Adam Langley and Gene Kan and Alan Brown and Marc Waldman and Lorrie Cranor and Aviel Rubin and Roger Dingledine and Michael Freedman and David Molnar and Rael Dornfest and Dan Brickley and Theodore Hong and Richard Lethin and Jon Udell and Nimisha Asthagiri and Walter Tuvell and Brandon Wiley and Avinash Chugh},
  title =    {Peer-to-Peer. Harnessing the Power of Disruptive Technologies},
  publisher =    {O'Relly},
  year =     {2001},
}
%------------------------------------------------------------
@MISC{PeertoPeer,
  author =       {Peer To Peer Communications},
  title =        {Computers Books by Computer Experts.},
  howpublished = {Disponible en  {\tt{http:/\-/\-www.peer-to-peer.com}}},
}
%------------------------------------------------------------
@MISC{DarwinBiography,
  author =       "Geocities",
  title =        "Charles Robert Darwin.",
  howpublished = " Disponible en  {\tt{http:/\-/\-www.geocities.com/\-RainForest/\-Canopy/\-7800/\-es-darwin.html}}",
}
%------------------------------------------------------------

@INPROCEEDINGS{p2p:addressable,
  AUTHOR =       "Sylvia Ratnasamy and Paul Francis and Mark Handley and Richard Karp and Scott Shenker",
  TITLE =        "A scalable content addresable network",
  BOOKTITLE =    "Proceedings of the ACM SIGCOMM, 2001 Conference",
  YEAR =         "2001",
  address =      "San diego, California",
  month =        "August",
}
%------------------------------------------------------------
@INPROCEEDINGS{p2p:lookup,
  AUTHOR =       "Ion Stoica and Robert Morris and David Karger and M. Frans Kaashoek and Hari Balakrishnan",
  TITLE =        "Chord: A scalable peer-to-peer lookup service for internet applications",
  BOOKTITLE =    "Proceedings of the ACM SIGCOMM, 2001 Conference",
  YEAR =         "2001",
  address =      "San diego, California",
  month =        "August",
}

%------------------------------------------------------------
@ARTICLE{P2P2002,
  AUTHOR =       "Li Gong",
  TITLE =        "Peer-to-Peer networks in Action",
  JOURNAL =      "IEEE Internet Computing online",
  YEAR =         "2002",
  source =       "http:/\-/\-www.computer.org/\-internet/\-v6n1/\-index.html",
}
%------------------------------------------------------------
@TECHREPORT{JPolous02,
  AUTHOR =        {Jiri Polous},
  TITLE =         {Machine Learning and Data Mining},
  NUMBER =        {GL 157/02},
  INSTITUTION =   {Gerstner Laboratory for Intelligent Decision Making and Control, Czech Technical University in Prague},
  ADDRESS =       {Faculty of Electrical Engieneering, Czech Technical University, Prague},
  YEAR  =         {2002},
}

@PROCEEDINGS{FIWHN,
  TITLE =        "First International Working conference on performance modelling and evaluation of heterogeneous networks",
  YEAR =         "2004",
}


%------------------------------------------------------------
@inproceedings{508901,
 author = {George N. Nyakoe and Makoto Ohki and Suichiro Tabuchi},
 title = {Acquisition of modulation pulses for a multi-robot system using genetic algorithm},
 booktitle = {Proceedings of the 2002 ACM symposium on Applied computing},
 year = {2002},
 isbn = {1-58113-445-2},
 pages = {568--573},
 location = {Madrid, Spain},
 doi = {http://doi.acm.org/10.1145/508791.508901},
 publisher = {ACM Press},
 }
%------------------------------------------------------------
@InProceedings{LNCS2439:ID83:pp247,
  author =       "Antony Iorio and Xiaodong Li",
  title =        "Parameter Control within a Co-operative
                 Co-evolutionary Genetic Algorithm",
  booktitle =    "Parallel Problem Solving from Nature - PPSN VII, 7th
                 International Conference, Granada, Spain, September
                 7-11, 2002. Proceedings",
  pages =        "247 ff.",
  year =         "2002",
  editor =       "H.-P. Schwefel {J.-J. Merelo Guerv\'os, P. Adamidis,
                 H.-G. Beyer, J.-L. Fern\'andez-Villaca\~nas}",
  number =       "2439",
  series =       "Lecture Notes in Computer Science, LNCS",
  publisher =    "Springer-Verlag",
  keywords =     "genetic algoritms",
  note =         "Keywords: Application::Miscellaneous applications,
                 Technique::Adaptation - Self-adaptation,
                 Technique::Co-evolution",
  annote =       "Available from
                 http://link.springer.de/link/service/series/0558/papers/2439/243900247.pdf",
}



%------------------------------------------------------------
@MastersThesis{GILP1997Tveit,
  author  =      {Tveit A.},
  title   =      {Genetic Inductive Logic Programming},
  school  =      {Department of Computer and Information Science, Norwegian University of Science and Technology},
  year    =      {1997},
  address =      {IDI/NTNU, N-7491 Trondheim, Norway},
  month   =      {December}
}



%------------------------------------------------------------
@article{ mitchell94genetic,
    author = "Melanie Mitchell and Stephanie Forrest",
    title = "Genetic Algorithms and Artificial Life",
    journal = "Artificial Life",
    volume = "1",
    number = "3",
    pages = "267-289",
    year = "1994",
    url = "citeseer.nj.nec.com/mitchell93genetic.html" }

%------------------------------------------------------------
@TECHREPORT{MSU-CSE-00-11,
  AUTHOR =        {William E. McUmber and Betty H.C. Cheng},
  TITLE =         {Formalized UML for Embedded Systems Design},
  NUMBER =        {MSU-CSE-00-11},
  INSTITUTION =   {Department of Computer Science, Michigan State University},
  ADDRESS =       {East Lansing, Michigan},
  ABSTRACT =      {A number of object-oriented techniques and notations have
                   been introduced, but recently, it appears that the {\it
                   Unified Modeling Language} (UML) could be a notation broad
                   enough in scope to represent a variety of domains and gain
                   widespread use. Currently, UML comprises several different
                   notations with no formal semantics attached to the
                   individual diagrams. Therefore, it is not possible to apply
                   rigorous automated analysis or to execute a UML model in
                   order to test its behavior, short of writing code and
                   performing exhaustive testing. We have developed a generic
                   framework for formalizing a subset of UML diagrams in terms
                   of various formal languages. This framework enables
                   different modelers to target various formal languages since
                   one formal language may be more suitable for representing
                   the semantics of a particular domain or class of
                   applications. Currently, we have focused on the
                   formalization of UML for modeling embedded systems. This
                   paper presents a case study of the design of an industrial
                   embedded system. In this case study we map UML to Promela,
                   the language for the model checker SPIN, thus enabling us to
                   perform automated analysis of the UML diagrams, including
                   model checking and behavior simulation. },
  KEYWORDS =      {object-oriented modeling, SPIN, Promela, model checking},
  NOTE =          {},
  MONTH =         {May},
  YEAR  =         {2000},
  AUTHOR1_URL =   {},
  AUTHOR1_EMAIL = {mcumber@cse.msu.edu},
  AUTHOR2_URL =   {www.cse.msu.edu/~chengb},
  AUTHOR2_EMAIL = {chengb@cse.msu.edu},
  PAGES =         {},
  FILE  =         {},
  URL   =         {},
  CONTACT =       {chengb@cse.msu.edu}
}


%------------------------------------------------------------
@Article         {garnier99rigorous,
  author =   {Josselin Garnier and Leila Kallel and Marc Schoenauer},
  title =    {Rigorous Hitting Times for Binary Mutations},
  journal =      {Evolutionary Computation},
  year =     {1999},
  volume =   {7},
  number =   {2},
  pages =    {173--203}
}

%------------------------------------------------------------
@Article         {harik99compact,
  author =   {G. R. Harik and F. G. Lobo and D. E. Goldberg},
  title =    {The Compact Genetic Algorithm},
  journal =      {IEEE - Evolutionary Computation},
  year =     {1999},
  volume =   {3},
  number =   {4},
  pages =    {287},
  month =    {November}
}

%------------------------------------------------------------
@inProceedings{PaperIWann:Evospec:2003,
  AUTHOR =       "J.J. Merelo and P. A. Castillo, G. Romero, M.G. Arenas",
  TITLE =        "Specifying Evolutionary Algoritms in XML",
  BOOKTITLE =    "Proceedings IWANN2003 FALTA COMPLETAR REFERENCIA, PAGINAS, ETC.",
  YEAR =         "2003",
  mounth    =    "July",
  pages = "1-2",
  address =      "Menorca, Spain",
  }


%------------------------------------------------------------
@INPROCEEDINGS{Epidemic:Eugster:2001,
  AUTHOR =       "P. T. Eugster  and R. Guerraoui and S. B.  Handurukande and A.M. Kermarrec and P. Kouznnetsov",
  TITLE =        "Lightweight probabilistic broadcast",
  BOOKTITLE =    "Proceedings of the International Conference on Dependable Systems and Networks (DSN 2001)",
  YEAR =         "2001",
  mounth    =    "July",
  address =      "Göteborg, Sweden",
}

%------------------------------------------------------------
@INPROCEEDINGS{Epidemic:Demers:1987,
  AUTHOR =       "A. Demers and D. Greene and C. Hauser and W. Ireis and J. Larson and S. Shenker and H. Sturgis and D. Swinehart and D. Terry",
  TITLE =        "Epidemic algoritms for replicated database management",
  BOOKTITLE =    "Proceedings of the 6th Annual ACM Symposium on Principles of Distributed Computing",
  YEAR =         "1987",
  pages =        "1--12",
  address =      "Vancouver",
  month =        "August",
  organization = "ACM",
}


%------------------------------------------------------------
@Proceedings{cec:2001,
  title =        "Proceedings of the 2001 Congress on Evolutionary
                 Computation {CEC2001}",
  year =         "2001",
  address =      "COEX, World Trade Center, 159 Samseong-dong,
                 Gangnam-gu, Seoul, Korea",
  publisher_address = "445 Hoes Lane, P.O. Box 1331, Piscataway, NJ
                 08855-1331, USA",
  month =        "27-30 " # may,
  organisation = "IEEE Neural Network Council (NNC), Evolutionary
                 Programming Society (EPS), Institution of Electrical
                 Engineers (IEE)",
  publisher =    "IEEE Press",
  Editor  =      "IEEE Neural Networks Council",
  ISBN =         "0-7803-6658-1",
  size =         "1441 pages",
  notes =        "CEC-2001 - A joint meeting of the IEEE, Evolutionary
                 Programming Society, Galesia, and the IEE. IEEE Catalog
                 Number = 01TH8546C, Library of Congress Number =",
}


%------------------------------------------------------------
@Article{eiben:1999:pcea,
  author =       "Agoston Endre Eiben and Robert Hintering and Zbigniew
                 Michalewicz",
  title =        "Parameter Control in Evolutionary Algorithms",
  journal =      "IEEE Transactions on Evolutionary Computation",
  year =         "1999",
  volume =       "3",
  number =       "2",
  pages =        "124--141",
  keywords =     "evolutionary strategies, genetic algorithms",
  notes =        "Some mention of GP, particularly peter angeline's
                 work. This is a survey paper.",
}


%------------------------------------------------------------
@Article{ieee-ec:Fogel:1997,
  author =       "David B. Fogel",
  title =        "Evolutionary Computation: {A} New Transactions",
  journal =      "IEEE Transactions on Evolutionary Computation",
  year =         "1997",
  type =         "Foreword",
  volume =       "1",
  number =       "1",
  month =        apr,
  pages =        "1--2",
}


%------------------------------------------------------------

@InProceedings{Costa:2002:AESfMO,
  author =       "Lino Costa and Pedro Oliveira",
  title =        "An Evolution Strategy for Multiobjective
                 Optimization",
  booktitle =    "Proceedings of the 2002 Congress on Evolutionary
                 Computation CEC2002",
  editor =       "David B. Fogel and Mohamed A. El-Sharkawi and Xin Yao
                 and Garry Greenwood and Hitoshi Iba and Paul Marrow and
                 Mark Shackleton",
  pages =        "97--102",
  year =         "2002",
  publisher =    "IEEE Press",
  publisher_address = "445 Hoes Lane, P.O. Box 1331, Piscataway, NJ
                 08855-1331, USA",
  organisation = "IEEE Neural Network Council (NNC), Institution of
                 Electrical Engineers (IEE), Evolutionary Programming
                 Society (EPS)",
  ISBN =         "0-7803-7278-6",
  notes =        "CEC 2002 - A joint meeting of the IEEE, the
                 Evolutionary Programming Society, and the IEE. Held in
                 connection with the World Congress on Computational
                 Intelligence (WCCI 2002)",
}



%------------------------------------------------------------

@Proceedings{CEC2002proceedings,
  editor =       "David B. Fogel and Mohamed A. El-Sharkawi and Xin Yao
                 and Garry Greenwood and Hitoshi Iba and Paul Marrow and
                 Mark Shackleton",
  title =        "Proceedings of the 2002 Congress on Evolutionary
                 Computation {CEC2002}",
  year =         "2002",
  publisher =    "IEEE Press",
  publisher_address = "445 Hoes Lane, P.O. Box 1331, Piscataway, NJ
                 08855-1331, USA",
  organisation = "IEEE Neural Network Council (NNC), Institution of
                 Electrical Engineers (IEE), Evolutionary Programming
                 Society (EPS)",
  ISBN =         "0-7803-7278-6",
  notes =        "CEC 2002 - A joint meeting of the IEEE, the
                 Evolutionary Programming Society, and the IEE. Held in
                 connection with the World Congress on Computational
                 Intelligence (WCCI 2002)",
}


%------------------------------------------------------------

@INPROCEEDINGS{MAEB03:JEO:2003,
  AUTHOR =       "M.G. Arenas and P. A. Castillo and G. Romero and J.J. Merelo",
  TITLE =        "Distribución de Información en Algoritmos Evolutivos P2P",
  BOOKTITLE =    "Actas del II Congreso español sobre Metaheurísticas, Algoritmos Evolutivos y bioinspirados",
  YEAR =         "2003",
  editor =       "Universidad de Oviedo",
  pages =        "85--92",
  month =        "Febrero",
  isbn =        "84-607-65-26-1",
}
%------------------------------------------------------------

@INPROCEEDINGS{MAEB03:XLST:2003,
  AUTHOR =       " Daniel Merino and Néstor Zorzano and M.G. Arenas and J.J. Merelo",
  TITLE =        "Generación de Hojas de estilo XSLT mediante programación genética",
  BOOKTITLE =    "Actas del II Congreso español sobre Metaheurísticas, Algoritmos Evolutivos y bioinspirados",
  YEAR =         "2003",
  editor =       "Universidad de Oviedo",
  pages =        "429--436",
  month =        "Febrero",
  isbn =        "84-607-65-26-1",
}


%------------------------------------------------------------

@BOOK{MMitchell96,
  AUTHOR =       "Melanie Mitchell",
  TITLE =        "An introduction to Genetic Algoritms",
  PUBLISHER =    "Teh MIT Press",
  YEAR =         "1996",
  isbn =         "0-262-13316-4",
}

%------------------------------------------------------------

@Book{Fisher1930,
  author =   {R. A. Fisher},
  ALTeditor =    {},
  title =    {The genetical theory of natural selection},
  publisher =    {Oxford, The Clarendon Press},
  year =     {1930},
  OPTkey =   {},
  OPTvolume =    {},
  OPTnumber =    {},
  OPTseries =    {},
  OPTaddress =   {},
  OPTedition =   {},
  OPTmonth =     {},
  OPTnote =      {},
  OPTannote =    {}
}


%------------------------------------------------------------

@Book{Fisher2000,
  author =   {Ronald Aylmer Fisher and J. H. Bennett and  Henry Bennett},
  ALTeditor =    {},
  title =    {The Genetical Theory of Natural Selection},
  publisher =    {Oxford University Press},
  year =     {2000},
  OPTkey =   {},
  OPTvolume =    {},
  OPTnumber =    {},
  OPTseries =    {},
  OPTaddress =   {},
  OPTedition =   {},
  OPTmonth =     {},
  OPTnote =      {},
  OPTannote =    {}
}

%------------------------------------------------------------

@Proceedings{lutton:2002:GP,
  title =        "Genetic Programming, Proceedings of the 5th European
                 Conference, Euro{GP} 2002",
  year =         "2002",
  editor =       "James A. Foster and Evelyne Lutton and Julian Miller
                 and Conor Ryan and Andrea G. B. Tettamanzi",
  volume =       "2278",
  series =       "LNCS",
  address =      "Kinsale, Ireland",
  publisher_address = "Berlin",
  month =        "3-5 " # apr,
  organisation = "EvoNet",
  publisher =    "Springer-Verlag",
  keywords =     "genetic algorithms, genetic programming",
  ISBN =         "3-540-43378-3",
  size =         "336 pages",
  notes =        "EuroGP'2002",
}
%------------------------------------------------------------

@Proceedings{langdon:2002:GECCO,
  title =        "{GECCO} 2002: Proceedings of the Genetic and
                 Evolutionary Computation Conference",
  year =         "2002",
  publisher =    "Morgan Kaufmann Publishers",
  editor =       "W. B. Langdon and E. Cant{\'u}-Paz and K. Mathias and
                 R. Roy and D. Davis and R. Poli and K. Balakrishnan and
                 V. Honavar and G. Rudolph and J. Wegener and L. Bull
                 and M. A. Potter and A. C. Schultz and J. F. Miller and
                 E. Burke and N. Jonoska",
  address =      "New York",
  publisher_address = "San Francisco, CA 94104, USA",
  month =        "9-13 " # jul,
  keywords =     "DNA computing, adaptive behavior, agents, ant colony
                 optimization, artificial life, evolution strategies,
                 evolutionary programming, evolutionary robotics,
                 evolutionary routing, evolutionary scheduling evolvable
                 hardware, genetic algorithms, genetic programming,
                 learning classifier systems, methodology, molecular
                 computing, pedagogy, philosophy, real world
                 applications, search-based software engineering",
  ISBN =         "1-55860-878-8",
  URL =          "\texttt{http:/\-/\-www.isgec.org/\-GECCO-2002}",
  URL =          "\texttt{http:/\-/\-www.mkp.com/\-books\underline{\space}catalog/\-catalog.asp?ISBN=1-55860-878-8}",
  size =         "1424 pages",
  notes =        "GECCO-2002. A joint meeting of the eleventh
                 International Conference on Genetic Algorithms
                 (ICGA-2002) and the seventh Annual Genetic Programming
                 Conference (GP-2002)",
}

%------------------------------------------------------------

@Proceedings{banzhaf:1999:gecco99,
  title =        "{GECCO}-99: Proceedings of the Genetic and
                 Evolutionary Computation Conference",
  year =         "1999",
  editor =       "Wolfgang Banzhaf and Jason Daida and Agoston E. Eiben
                 and Max H. Garzon and Vasant Honavar and Mark Jakiela
                 and Robert E. Smith",
  address =      "Orlando, Florida, USA",
  publisher_address = "San Francisco, CA, USA",
  month =        "13-17 " # jul,
  publisher =    "Morgan Kaufmann",
  keywords =     "genetic algorithms, genetic programming",
  ISBN =         "1-55860-611-4",
  URL =          "\texttt{http:/\-/\-www.amazon.com/\-exec/\-obidos/\-ASIN/\-1558606114/\-qid%3D977054373/105-7666192-3217523}",
  size =         "2 volumes",
  notes =        "GECCO-99",
}

%------------------------------------------------------------

@Proceedings{banzhaf:1998:GP,
  title =        "Genetic Programming",
  year =         "1998",
  editor =       "Wolfgang Banzhaf and Riccardo Poli and Marc Schoenauer
                 and Terence C. Fogarty",
  volume =       "1391",
  series =       "LNCS",
  address =      "Paris",
  publisher_address = "Berlin",
  month =        "14-15 " # apr,
  organisation = "EvoNet",
  publisher =    "Springer-Verlag",
  keywords =     "genetic algorithms, genetic programming",
  ISBN =         "3-540-64360-5",
  URL =          "\texttt{http:/\-/\-www.springer.de/\-cgi-bin/\-search\underline{\space}book.pl?isbn=3-540-64360-5}",
  size =         "232 pages",
  notes =        "EuroGP'98",
}

%------------------------------------------------------------

@Proceedings{miller:2001:gp,
  title =        "Genetic Programming, Proceedings of Euro{GP}'2001",
  year =         "2001",
  editor =       "Julian Miller and Marco Tomassini and Pier Luca Lanzi
                 and Conor Ryan and Andrea G. B. Tettamanzi and William
                 B. Langdon",
  volume =       "2038",
  series =       "LNCS",
  address =      "Lake Como, Italy",
  publisher_address = "Berlin",
  month =        "18-20 " # apr,
  organisation = "EvoNET",
  publisher =    "Springer-Verlag",
  ISBN =         "3-540-41899-7",
  URL =          "\texttt{http:/\-/\-link.springer.de/\-link/\-service/\-series/\-0558/\-tocs/\-t2038.htm}",
  size =         "391 pages approx",
  notes =        "EuroGP'2001",
}
%------------------------------------------------------------

@Book{koza:1999:GAGPs,
  editor =       "John R. Koza",
  title =        "Genetic Algorithms and Genetic Programming at Stanford
                 1999",
  publisher =    "Stanford Bookstore",
  year =         "1999",
  address =      "Stanford, California, 94305-3079 USA",
  keywords =     "genetic algorithms, genetic programming",
  URL =          "\texttt{http:/\-/\-www.genetic-programming.org/\-gpstanfordpapers.html}",
  size =         "271 pages",
}

%------------------------------------------------------------

@Book{koza:gp3,
  author =       "John R. Koza and {David Andre} and  Forrest H {Bennett
                 III} and Martin Keane",
  title =        "Genetic Programming 3: {Darwinian} Invention and
                 Problem Solving",
  publisher =    "Morgan Kaufman",
  year =         "1999",
  month =        apr,
  keywords =     "genetic algorithms, genetic programming",
  ISBN =         "1-55860-543-6",
  URL =          "\texttt{http:/\-/\-www.genetic-programming.org/\-gpbook3toc.html}",
  URL =          "\texttt{http:/\-/\-www.mkp.com/\-books\underline{\space}catalog/\-1-55860-543-6.asp}",
  size =         "1100 pages",
}
%------------------------------------------------------------

@Book{koza:gp2,
  author =       "John R. Koza",
  title =        "Genetic Programming {II}: Automatic Discovery of
                 Reusable Programs",
  publisher =    "MIT Press",
  year =         "1994",
  address =      "Cambridge Massachusetts",
  month =        may,
  keywords =     "genetic algorithms, genetic programming",
  ISBN =         "0-262-11189-6",
  size =         "746 pages",
}

%------------------------------------------------------------

@Book{banzhaf:1997:book,
  author =       "Wolfgang Banzhaf and Peter Nordin and Robert E. Keller
                 and Frank D. Francone",
  title =        "Genetic Programming -- An Introduction; On the
                 Automatic Evolution of Computer Programs and its
                 Applications",
  publisher =    "Morgan Kaufmann, dpunkt.verlag",
  year =         "1998",
  month =        jan,
  keywords =     "genetic algorithms, genetic programming",
  ISBN =         "1-55860-510-X",
  ISBN =         "3-920993-58-6",
  URL =          "\texttt{http:/\-/\-www.mkp.com/\-books\underline{\space}catalog/\-1-55860-510-X.asp}",
  size =         "480 pages",
}
%------------------------------------------------------------
@Book{book:1996:aigp2,
  editor =       "Peter J. Angeline and K. E. {Kinnear, Jr.}",
  title =        "Advances in Genetic Programming 2",
  publisher =    "MIT Press",
  year =         "1996",
  address =      "Cambridge, MA, USA",
  keywords =     "genetic algorithms, genetic programming",
  ISBN =         "0-262-01158-1",
  URL =          "\texttt{http:/\-/\-www.cs.bham.ac.uk/\-~wbl/\-aigp2.html}",
  URL =          "\texttt{http:/\-/\-mitpress.mit.edu/\-book-home.tcl?isbn=0262011581}",
  size =         "538 pages",
}

%------------------------------------------------------------
@Book{Back:1996:EAT,
  title =        "Evolutionary Algorithms in Theory and Practice:
                 Evolution Strategies, Evolutionary Programming, Genetic
                 Algorithms",
  author =       "Thomas Bäck",
  year =         "1996",
  address =      "New York",
  publisher =    "Oxford University Press",
}


%------------------------------------------------------------
@Article{Hoffmeister:1991:GAE,
  author =       "F. Hoffmeister and T. Back",
  title =        "Genetic Algorithms and Evolution Strategies ---
                 Similarities and Differences",
  journal =      "Lecture Notes in Computer Science",
  volume =       "496",
  pages =        "455",
  year =         "1991",
  coden =        "LNCSD9",
  ISSN =         "0302-9743",
  bibdate =      "Mon May 13 08:51:55 MDT 1996",
  acknowledgement = ack-nhfb,
}
%------------------------------------------------------------
@inproceedings{BRS93,
    AUTHOR      = {Thomas B{"a}ck and G{"u}nter Rudolph
            and Hans--Paul Schwefel},
    TITLE       = {Evolutionary programming and evolution
            strategies: Similarities and differences},
    EDITOR      = {D.~B.~Fogel and W.~Atmar},
    BOOKTITLE   = {Proc.~Second Annual Conf.~Evolutionary Programming (EP'93)},
    ADDRESS     = {La Jolla CA},
    PAGES       = {11--22},
    PUBLISHER   = {Evolutionary Programming Society, San Diego CA},
    YEAR        = {1993},
    MONTH       = {February~25--26,}
}





%------------------------------------------------------------
@InProceedings{Merelo:EO:b,
  author =   {J. J. Merelo Guervós and M. G. Arenas and J. Carpio and P.A. Castillo and V. M. Rivas and G. Romero and M. Schoenauer},
  title =    {Evolving objects},
  booktitle =    {Proceedings JCIS 2000 (Joint Conference on Information Sciences)},
  year =         {2000},
  volume =       {I},
  pages =        {1083--1086},
}

%------------------------------------------------------------
@BOOK{Eiffel:99,
  AUTHOR =       {Bertrand Meyer},
  TITLE =        {Construcción de Software Orientado a Objetos},
  PUBLISHER =    {Prentice Hall PTR},
  YEAR =         {1999},
  edition =      {2},
  month =        {October},
  isbn =         {84-8322-040-7},
}

%------------------------------------------------------------
@ARTICLE{GAOT:1995,
  AUTHOR =       {Chris Houck and Jeff Joines and Mike Kay},
  TITLE =        {A Genetic Algorithm for Function Optimization: A Matlab Implementation},
  JOURNAL =      {NCSU-IE TR 95-09},
  YEAR =         {1995},
}


%------------------------------------------------------------
@MISC{GAEiffel:1996,
  author =       {Ikram},
  title =        {Genetic Evolution through Combination of Objects},
  year =        {1996},
  note  ={Available from \texttt{http:/\-/\-cs.ru.ac.za/\-homes/\-g93i0527/\-Projects/\-GAEiffel/\- }},
}

%------------------------------------------------------------
@MISC{GECO:1993,
  author =       {George P. W. Williams, Jr},
  title =        {{Genetic Evolution through Combination of Objects}},
  year =        {1993},
  note  ={Available from \texttt{http:/\-/\-www.cs.bham.ac.uk/\-Mirrors/\-ftp.de.uu.net/\-EC/\-clife/\-www/\-Q20\underline{\space}geco.htm}}
}

%------------------------------------------------------------
@MISC{eaLib:02,
  author =       {Andreas Rummler},
  title =        {{A Java Evolutionary Computation Toolkit}},
  year =        {2002},
  note  ={Available from \texttt{http:/\-/\-www.inf-technik.tu-ilmenau.de/\-~rummler/\-eng/\-ealib.html}},
}


%------------------------------------------------------------
@MISC{GPC:93,
  author =       {Adam P. Fraser},
  title =        {Genetic Programming in C++},
  year =        {1993},
  note  ={Available from \texttt{http:/\-/\-sal.kachinatech.com/\-Z/\-3/\-GPC++.html}},
}

%------------------------------------------------------------
@Misc            {GPKERNEL:95,
  author =      {{Kachina Technologies, Inc}},
  title =      {GP KERNEL},
  note  ={Available from \texttt{http:/\-/\-sal.kachinatech.com/\-Z/\-3/\-GP\underline{\space}KERNEL.html}},
  year =      {1995},
}


%------------------------------------------------------------
@Misc            {MATLAB:94,
  author =      {{The MathWorks, Inc}},
  title =      {MATLAB},
  note  ={Available from \texttt{http:/\-/\-www.mathworks.com}},
  year =      {1994},
  address =      {Natick, MA 01760-2098. USA},
}


%------------------------------------------------------------
@TechReport{Moler:1980:MIM,
  author =       {Cleve B. Moler},
  title =        {{MATLAB} --- An Interactive Matrix Laboratory},
  type =         {Technical Report},
  number =       {369},
  institution =  {University of New Mexico. Dept. of Computer Science},
  year =         {1980},
  bibdate =      {Fri Aug 12 01:31:51 1994},
  keywords =     {nla software},
}



%------------------------------------------------------------
@INPROCEEDINGS{GARAGe:2002:a,
  AUTHOR =       {E. D. Goodman and K. Seo and R. C. Rosenberg and Z. Fan and J. Hu  and B. Zhang},
  TITLE =        {Automated Design Methodology for Mechatronic Systems Using Bond Graphs and Genetic Programming},
  BOOKTITLE =    {NSF Design, Service and Manufacturing Grantees and Research Conference},
  YEAR =         {2002},
  pages =        {206-221},
  address =      {San  Juan, Puerto Rico},
  month =        {January},
}

%------------------------------------------------------------
@ARTICLE{GARAGe:2002:b,
  AUTHOR =       {K. Seo and J. Hu and Z. Fan and E. D. Goodman and R. C. Rosenberg},
  TITLE =        {Automated Design Approaches for Multi-Domain Dynamic Systems Using Bond Graphs and Genetic Programming},
  JOURNAL =      {The International Journal of Computers, Systems and Signals, Vol III},
  YEAR =         {2002},
  pages =        {55-70},
}
%------------------------------------------------------------

%------------------------------------------------------------

@InProceedings{OPEAL-AEB02,
  author =       {J. J. Merelo},
  title =        {{OPEAL}, una librería de algoritmos evolutivos en Perl},
  booktitle =    {Actas primer congreso español algoritmos evolutivos, AEB\'02},
  pages = {54--59},
  year = {2002},
  crossref =     {AEB02}
}

%------------------------------------------------------------
@Book{Liberty:1998:BOOAD,
  author =       {Jesse Liberty},
  title =        {Beginning Object-Oriented Analysis \& Design with C++},
  publisher =    {Wrox Press},
  year =         {1998},
  isbn =         {1861001339},
}



%------------------------------------------------------------
@Article{FosKohKriCho97:mpi-task-parallel,
  author =   {I. Foster and D. R. Kohr and R. Krishnaiyer and A. Choudhary},
  title =    {A library-based approach to task parallelism in a data-parallel language},
  journal =      {Journal of Parallel and Distributed Computing},
  year =     1997,
  volume =   45,
  number =   2,
  month =    SEP,
  pages =    {148--158},
}



%------------------------------------------------------------
@ARTICLE{Jelasity:DRM:IEEE,
  author =       {Mark Jelasity and Mike Preub and Maarten van Steen and Ben Paechter},
  title =        {Maintaining Connectivity in a Scalable and Robust distributed Environment},
  journal =      {In 2nd IEEE International Symposium on Cluster Computing and the Grid (CCGrid2002)},
  year =         {2002},
  pages =        {389-394},
  month =        {May},
}
%------------------------------------------------------------
@ARTICLE{Jelasity:DRM:CEC,
  author =       {Mark Jelasity and Mike Preub and Ben Paechter},
  title =        {A Scalable and Robust Framework for Distributed Application},
  journal =      {2002 Congress on Evolutionary Computation },
  year =         {2002},
  pages =        {1540-1545},
  month =        {May},
}

%------------------------------------------------------------
@misc{HPSchwefel95,
  author = {H.P. Schwefel},
  title = {Evolution and Optimum Seeking, John Wiley and Sons},
  year = {1995}
}
%------------------------------------------------------------
@misc{cantu-paz-migration,
  author = {E. Cant{\'u}-Paz},
  title = {{\it{Migration Policies, Selection Pressure, and Parallel Evolutionary Algorithms}}},
  url = {citeseer.nj.nec.com/\-article/\-cantu-paz01migration.html}
}

%------------------------------------------------------------
@InProceedings{bazzan99agents,
    author = {Ana L. C. Bazzan and Joachim Wahle and Franziska Klugl},
    title = {Agents in Traffic Modelling - From Reactive to Social Behaviour},
    booktitle = {{KI} - Kunstliche Intelligenz},
    pages = {303-306},
    year = {1999},
    url = {citeseer.nj.nec.com/\-bazzan99agents.html}
}


%------------------------------------------------------------
@inproceedings{Holland85,
  AUTHOR = {J. H. Holland},
  TITLE = {Properties of the Bucket Brigade Algorithm},
  YEAR = 1985,
  BOOKTITLE = {Proc.\ of the International Conference on Genetic Algorithms and Their Applications},
  ADDRESS = {Pittsburgh, PA},
  PAGES = {1-7},
  KEYWORDS = {}}



%------------------------------------------------------------
@inproceedings{rasheed99effect,
    author = {Khaled Rasheed and Brian D. Davison},
    title = {Effect of Global Parallelism on the Behavior of a Steady State Genetic Algorithm for Design Optimization},
    booktitle = {Proceedings of the Congress on Evolutionary Computation},
    volume = {1},
    month = {6-9},
    publisher = {IEEE Press},
    address = {Mayflower Hotel, Washington D.C., USA},
    editor = {Peter J. Angeline and Zbyszek Michalewicz and Marc Schoenauer and Xin Yao and Ali Zalzala},
    isbn = {0-7803-5537-7 (Microfiche)},
    pages = {534--541},
    year = {1999},
    url = {citeseer.nj.nec.com/\-rasheed99effect.html}
}

%------------------------------------------------------------
@article{SocialBehaviour:2002,
 author = {Ralph Schroeder},
 title = {Social interaction in virtual enviroments: key issues, common themes, and a framework for research},
 book = {The social life of avatars: presence and interaction in shared virtual environments},
 year = {2002},
 journal = {Springer {CSCW} Series},
 isbn = {1-85233-461-4},
 pages = {1--18},
 publisher = {Springer-Verlag New York, Inc.},
 }


%------------------------------------------------------------
@InProceedings{OpenBeagle:2002:gecco,
  author =       {C. Gagn e and M. Parizeau},
  title =        {Open {BEAGLE}: A new C++ evolutionary computation framework},
  booktitle =    {GECCO 2002: Proceedings of the Genetic and Evolutionary
                 Computation Conference},
  editor =       {W. B. Langdon and E. Cant{\'u}-Paz and K. Mathias and
                 R. Roy and D. Davis and R. Poli and K. Balakrishnan and
                 V. Honavar and G. Rudolph and J. Wegener and L. Bull
                 and M. A. Potter and A. C. Schultz and J. F. Miller and
                 E. Burke and N. Jonoska},
  year =         {2002},
  pages =        {Late breaking papers},
  address =      {New York},
  publisher_address = {San Francisco, CA 94104, USA},
  month  =   {9-13 July},
  publisher =    {Morgan Kaufmann Publishers},
  keywords =     {methodology, pedagogy, and philosophy, poster paper, distributed computing, island model, {J}ava, network implementation, software},
  isbn   =   {1-55860-878-8},
  notes  =   {GECCO-2002.
          A joint meeting of the eleventh International Conference on
          Genetic Algorithms (ICGA-2002) and the seventh Annual Genetic
          Programming Conference (GP-2002)}
}

%------------------------------------------------------------
@MISC{Seti,
  author =       {SETI@home},
  title =        {The Search for Extraterrestrial Intelligent},
  note  ={Available from \texttt{http:/\-/\-setiathome.ssl.berkeley.edu/\-}},
}
%------------------------------------------------------------
@MISC{EClab,
  author =       {Dr. Kenneth De Jong},
  title =        {EC lab EC++},
  note  ={Available from \texttt{http:/\-/\-cs.gmu.edu/\-~eclab/\-eclib.html}},
}
%------------------------------------------------------------
@MISC{Voyager,
  author =       {Recursion Software, Inc},
  title =        {Voyager},
  note  ={Available from \texttt{http:/\-/\-www.recursionsw.com/\-products/\-voyager/\-voyager.asp}},
}



%------------------------------------------------------------
@BOOK{DSystems,
  author =       {George Coulouris and Jean Dollimore and Tim Kindberg},
  title =        {Distributed Systems: Concepts and Design},
  publisher =    {Addison-Wesley},
  year =         {1994},
  edition =      {2},
  isbn = {0-201-62433-8},
}

%------------------------------------------------------------
@ARTICLE{Sinclair:1999,
  author =       {Sinclair M.C.},
  title =        {Minimum Cost Wavelength-path Routing and Wavelength Allocation Using a Genetic-Algorithm/\-Heuristc Hybrid Approach},
  journal =      {IEEE Proceedings Communications},
  year =         {1999},
  volume =       {146},
  number =       {1},
  pages =        {1-7},
  month =        {Febreary},
}


%------------------------------------------------------------
@unpublished{Postgres,
  author =       {Postgres Community},
  title =        {Postgres evolution. Available from },
  note =       {Available from \texttt{http:/\-/\-postgresql.lerner.co.il/\-} \texttt{devol-corner/\-docs/\-postgres/\-geqo-pg-intro.html}}
}
%------------------------------------------------------------
@InProceedings{DREAM:2000,
  author =   {Ben Paechter and Thomas Baech and Marc Schoenauer and Michèle Sebag and A. E. Eiben and J. J. Merelo Guervós and T. C. Fogarty},
  title =    {DREAM Distributed Resource Evolutionary Algorithm Machine},
  booktitle =    {Proceedings of the Congress on Evolutionary Computation 2000},
  year = 2000,
  volume =       {2},
  pages =        {951--958},
  note =       {Available from \texttt{http:/\-/\-dr-ea-m.sourceforge.net}},
}

%------------------------------------------------------------
@unpublished{Merelo:EO:a,
  author =       {J. J. Merelo Guervós and Maarten Keijzer and Marc Schoenauer},
  title =        {{EO} evolutionary computation framework},
  note =       {Available from \texttt{http:/\-/\-eodev.sourceforge.net}},
}


%------------------------------------------------------------
@ARTICLE{Castellano:EO,
  author =       {J. G. Castellano and P.A Castillo and J. J. Merelo and G. Romero},
  title =        {Paralelizacion de Evolving Library usando {MPI}},
  journal =      {In XII Jornadas de Paralelismo. ISBN: 84-9705-043-6, Valencia},
  year =         {2001},
  pages =        {265--270},
  month =        {September},
}
%------------------------------------------------------------
@ARTICLE{Keijzer:EO,
  author =       {M. Keijzer and J. J. Merelo and G. Romero and M. Schoenauer},
  title =        {Evolving Objects: a general purpose evolutionary computation library},
  journal =      {In Procedings Evolution Artificielle 2001},
  pages =        {231-244},
  year =         {2001},
}
%------------------------------------------------------------
%------------------------------------------------------------
@Article{Karp:1990:MPP,
  author =       "Alan H. Karp and Horace P. Flatt",
  title =        "Measuring parallel processor performance",
  journal =      j-CACM,
  volume =       "33",
  number =       "5",
  pages =        "539--543",
  month =        may,
  year =         "1990",
  CODEN =        "CACMA2",
  ISSN =         "0001-0782",
  bibdate =      "Thu May 30 09:41:10 MDT 1996",
  bibsource =    "ftp://ftp.ira.uka.de/pub/bibliography/Misc/IMMD_IV.bib;
                 http://www.acm.org/pubs/toc/",
  URL =          "http://www.acm.org/pubs/toc/Abstracts/0001-0782/78614.html",
  abstract =     "Many metrics are used for measuring the performance of
                 a parallel algorithm running on a parallel processor.
                 This article introduces a new metric that has some
                 advantages over the others. Its use is illustrated with
                 data from the Linpack benchmark report and the winners
                 of the Gordon Bell Award.",
  acknowledgement = ack-nhfb,
  keywords =     "algorithms; design; economics; measurement;
                 performance",
  subject =      "{\bf C.4}: Computer Systems Organization, PERFORMANCE
                 OF SYSTEMS, Measurement techniques. {\bf C.4}: Computer
                 Systems Organization, PERFORMANCE OF SYSTEMS,
                 Performance attributes. {\bf C.1.2}: Computer Systems
                 Organization, PROCESSOR ARCHITECTURES, Multiple Data
                 Stream Architectures (Multiprocessors), Parallel
                 processors.",
}

%------------------------------------------------------------

@INPROCEEDINGS{Donald:1994,
  AUTHOR =       "V. Donaldson and F. Berman and R. Paturi",
  TITLE =        "Programm speedup in a heterogeneous computing network",
  BOOKTITLE =    "Proceedings of the Firth International Conference on Genetic Algorithms",
  YEAR =         "1994",
  editor =       "Morgan Kaufmann",
  pages =        "177-183",
}
%------------------------------------------------------------

@MISC{UDP:1979,
  author =       "David Reed",
  title =        "User Datagram Protocol",
  year =         "1979",
  month =        "jan",
  url =       "Available from \tt{http:/\-/\-www.cis.ohio-state.edu/\-htbin/\-ien/\-ien71.html}",
}

%------------------------------------------------------------
@unpublished{Wall:GAlib,
  author =       {M. Wall},
  title =        {Overview of Matthew's genetic algorithm library},
  year = 1995,
  note =       {Available from \texttt{http:/\-/\-lancet.mit.edu/\-galib-2.4}},
}
%------------------------------------------------------------
@unpublished{Costa:JDEAL,
  author =       {Joao Costa and Nuno Lopes and Pedro Silva},
  title =        {JDEAL, The {J}ava Distributed Evolutionary Algorithms Library},
  note =       {Available from \texttt{http:/\-/\-laseeb.ist.utl.pt/\-sw/\-jdeal}},
}
%------------------------------------------------------------
@unpublished{Luke:ECJ,
  author =       {Sean Luke},
  title =        {A {J}ava-based Evolutionary Computation and Genetic Programming Research System},
  note =       {Available from \texttt{http:/\-/\-www.cs.umd.edu/\-projects/\-plus/\-ec/\-ecj}},
}
%------------------------------------------------------------
@unpublished{Berkes:JRGP,
  author =       {Pietro Berkes and Samuele Pedroni},
  title =        {JRGP},
  note =       {Available from \texttt{http:/\-/\-jrgp.sourceforge.net}},
}
%------------------------------------------------------------
@unpublished{Schoenauer:EvolC,
  author =       {Marc Schoenauer},
  title =        {EvolC},
  note =       {Available from \texttt{http:/\-/\-www.eark.polytechnique.fr/\-EvolC.html}},
}
%------------------------------------------------------------
@InProceedings{chong:1999:parGA,
  author =       "Fuey Sian Chong",
  title =        "Java based Distributed Genetic Programming on the
                 Internet",
  booktitle =    "Evolutionary computation and parallel processing",
  year =         "1999",
  editor =       "E. Cant{\'u}-Paz and Bill Punch",
  pages =        "163--166",
  address =      "Orlando, Florida, USA",
  month =        "13 " # jul,
  keywords =     "genetic algorithms, genetic programming",
  URL =          "http://www-illigal.ge.uiuc.edu/~cantupaz/parallel/chong.ps.gz",
  URL =          "ftp://ftp.cs.bham.ac.uk/pub/authors/W.B.Langdon/papers/p.chong/GeccoWkShop.ps.gz",
  size =         "4 pages",
  notes =        "GECCO'99 WKSHOP Phyllis Chong",
}


%------------------------------------------------------------
@ARTICLE{Chong:DGP:ECPP,
  author =       {Fuey Sian Chong},
  title =        {A {J}ava based Distributed Approach to Genetic Programming on the Internet},
  journal =      {In Procedings of Evolutionary Computation and Parallel Processing},
  year =         {1999},
  volume =       {I},
  pages =        {163--166},
  month =        {July},
}

%------------------------------------------------------------
@unpublished{Qureshi:GPSYS,
  author =       {Adil Qureshi},
  title =        {A {J}ava Genetic Programming System},
  note =       {Available from \texttt{http:/\-/\-www.cs.ucl.ac.uk/\-staff/\-A.Qureshi/\-gpsys.html}},
}
%------------------------------------------------------------
@unpublished{Baruch:GJGP,
  author =       {Robert Baruch},
  title =        {Groovy {J}ava Genetic Programming},
  note  ={Available from \texttt{https:/\-/\-sourceforge.net/\-projects/\-jgprog}},
}

%------------------------------------------------------------
@ARTICLE{Krasnogor:mafra,
  author =       {Natalio Krasnogor and Jim Smith},
  title =        {{MAFRA}: {A} {J}ava memetic algorithms framework},
  journal =      {Genetic And Evolutionary Computation Conference, First International Workshop On Memetic Algorithms - Workshop Proceedings. William Hart and Natalio Krasnogor and Jim Smith Editors. Las Vegas, Nevada, USA},
  year =         {2000},
  pages = {125--130},
  month = {Agoust},
  annote = {citeseer.nj.nec.com/\-krasnogor00mafra.html}
}



%------------------------------------------------------------
@InProceedings{Leuze:1987,
    author = {M. R. Leuze and C. B. Pettey and J.J. Grefenstette},
    title = {A parallel genetic algorithms},
    booktitle = {Proceedings of the second International Conference on Genetic Algorithms},
    editor = {J. J. Grafenstette},
    pages = {155--162},
    year = {1987},
}
%------------------------------------------------------------
@InProceedings{Tanese:1987,
    author = {R. Tanese},
    title = {Parallel genetic algorithms for hypercube},
    booktitle = {Proceedings of the second International Conference on Genetic Algorithms},
    editor = {J. J. Grafenstette},
    pages = {177--184},
    year = {1987},
}
%------------------------------------------------------------
@InProceedings{Golberg:1997,
    author = {D. E. Golberg and E. Cant{\'u}-Paz},
    title = {Modeling idealized bounding cases of parallel genetic algorithms},
    booktitle = {Proceedings of the Second Annual Conference of Genetic Programming},
    editor = {Morgan Kaufmann},
    pages = {353--361},
    year = {1997},
}
%------------------------------------------------------------
@book {Lawler:1985,
    editor = {E.~L.~Lawler and J.~K.~Lenstra and A.~H.~G.~Rinnooy Kan
        and D.~B.~Shmoys},
    title = {The Traveling Salesman Problem},
    publisher = {John Wiley and Sons Ltd.},
    year = 1985
}

%------------------------------------------------------------
@book {Reinelt:1994,
    fullauthor = {Gerhard Reinelt},
    author = {G. Reinelt},
    title = {The traveling salesman: Computational solutions for {TSP} applications},
    publisher = {Springer {V}erlag},
    year = 1994,
    isbn = {0-387-58334-3},
    note = {LNCS 840}
}
%------------------------------------------------------------
@book {Koza:92,
    fullauthor = {John Koza R.},
    author = {John R. Koza},
    title = {Genetic Programming: On the Programming of Computers by Means of Natural Selection},
    publisher = {MIT Press},
    year = 1992,
    isbn = {0262111705},
}
%------------------------------------------------------------
@InProceedings{Davis:1985,
    author = {Davis L.},
    title = {Applying adaptive algorithms to epistatic domains},
    booktitle = {In Proceedings of the International Joint Conference on Artifical Intelligence},
    pages = {162--164},
    year = {1985},
}
%------------------------------------------------------------
@InProceedings{Freisleben:1996,
    author = {B. Freisleben and P. Merz},
    title = {A Genetic Local Search Algorithm for Solving Symmetric and Asymmetric Traveling Salesman Problem},
    booktitle = {In Proceedings of the IEEE international Conference on Evolutionary computation (ICEC'96)},
    editor = {IEEE Press},
    pages = {616--621},
    year = {1996},
}
%------------------------------------------------------------
@InProceedings{DREAM:PPSN02,
  author =   {M. G. Arenas and  P. Collet and A.E. Eiben and M. Jelasity and J.J. Merelo and B. Paechter and M. Preub and M. Schoenauer},
  title =    {A Framework for Distributed Evolutionary Algorithms},
   booktitle     = {Proceedings of the Seventh Conference on Parallel Problem Solving from Nature},
  pages =    {665-675},
  year =     2002,
   month     = {September 7-11},
   publisher = {Springer-Verlag},
   address   = {Granada, Spain},
   volume    = {2439},
   series    = {Lecture Notes in Computer Science}
   }
%------------------------------------------------------------
@InProceedings{Doling:JEO:PPSN2002,
  author =   {Brad Dolin and M. G. Arenas and  J.J. Merelo},
  title =    {Opposites Attract: Complementary Phenotype Selection for Crossover in Genetic Programming},
   booktitle     = {Proceedings of the Seventh Conference on Parallel Problem Solving from Nature},
  pages =    {142-152},
  year =     2002,
   month     = {September 7-11},
   publisher = {Springer-Verlag},
   address   = {Granada, Spain},
   volume    = {2439},
   series    = {Lecture Notes in Computer Science}
   }
%------------------------------------------------------------
%------------------------------------------------------------
@InProceedings{GarciaArenas:2001:JP,
  author = {M.G. Arenas and L. Foucart and J. J. Merelo and P. A. Castillo},
  title =  {{JEO}: {A} {F}ramework for {E}volving {O}bjects in {J}ava},
  booktitle = {In XII Jornadas de Paralelismo},
  editor =  {Universidad Politécnica de Valencia},
  year =         {2001},
  pages =        {185-191},
  address =      {46071 Valencia},
  publisher_address = {Valencia},
  month  =   {September},
  publisher =  {REPROVAL, S.L.},
  keywords = {Parallel Evolutionary Computation},
  isbn   =   {84-9705-043-6},
  notes  =   {Jornadas de Paralelismo de Valencia},
}
%------------------------------------------------------------
@InProceedings{GarciaArenas:2002:AEB,
  author = {M.G Arenas and L. Foucart and M. Shoenauer and J.J. Merelo },
  title =  {Computación Evolutiva en {J}ava: {JEO}},
  booktitle = {Actas del I Congreso Español de Algoritmos Evolutivos y Bioinspirados},
  editor =  {Universidad de Mérida},
  year =         {2002},
  pages =        {46-53},
  address =      {Merida, Badajoz},
  month  =   {Febrery},
  keywords = {Parallel Evolutionary Computation},
  isbn   =   {84-607-3913-9},
  notes  =   {AEB'02},
}
%------------------------------------------------------------
@Article{EASEA:2000:PPSNVI,
  author =   {P. Collet and E. Lutton and M. Schoenauer and J. Louchet},
  title =    {Take it EASEA},
  journal =      {LNCS},
  year =     {2000},
  OPTnumber =    {1917},
  OPTpages =     {891--901},
  OPTmonth =     {September},

}

%------------------------------------------------------------

@TechReport{EASEA:2001:RR4421,
  author =       {Pierre Collet and Marc Schoenauer and
                 Evelyne Lutton and Jean Louchet},
  title =        {{EASEA} : un langage de spécification pour les
                 algorithmes évolutionnaires},
  institution =  {INRIA},
  year =         {2001},
  number =       {RR4218},
  address =      {Domaine de Voluceau - Rocquencourt - B.P. 105 78153 Le
                 Chesnay Cedex France},
  month =        jun,
  keywords =     {genetic algorithms, genetic programming, {EASEA}, {J}ava},
  note  ={Available from {\texttt{http:/\-/\-www-rocq.inria.fr/\-fractales/\-Publications/\-RR4218.ps.gz}}},
}
%------------------------------------------------------------
@inproceedings{Feeley:1990:PVM,
    author = {M. Feeley and J. S. Miller},
    title = {A Parallel Virtual Machine for Efficient Scheme Compilation},
    booktitle = {Proceedings of the 1990 {ACM} Conference on {LISP} and Functional Programming, Nice},
    publisher = {ACM},
    address = {New York, NY},
    pages = {119--130},
    year = {1990},
    url = {citeseer.nj.nec.com/\-feeley90parallel.html}
}
%------------------------------------------------------------
@Article{Sunderam:1990:PFPb,
  author =       {V. S. Sunderam},
  title =        {{PVM}: {A} Framework for Parallel Distributed Computing},
  journal =      {Concurrency: practice and experience},
  volume =       {2},
  number =       {4},
  pages =        {315--339},
  month =        {dec},
  year =         {1990},
  CODEN =        {CPEXEI},
  ISSN =         {1040-3108},
  thesaurus =    {Distributed processing; Parallel programming;Programming environments},
  treatment =    {P Practical}
}



%------------------------------------------------------------
@PHDTHESIS{Cordon:1997,
  AUTHOR =       {Oscar Cordón},
  TITLE =        {Una metodología para el diseño automático de sistemas basados en reglas difusas mediante algoritmos evolutivos.},
  SCHOOL =       {Universidad de Granada},
  YEAR =         {1997},
  type =         {Tesis},
  address =      {Granada, Spain},
  month =        {Julio},
}

%------------------------------------------------------------
@PROCEEDINGS{EP:1992,
  TITLE =        {Proceedings of the First Annual Conference on Evolutionary Programming},
  YEAR =         {1992},
  address =      {San Diego,  CA: Evolutionary Programming Society},
  editor =       {David B Fogel and Wirt Atmar },
  publisher = { },
}

%------------------------------------------------------------
@proceedings{EP:1998,
  editor    = {V. William Porto and
               N. Saravanan and
               Donald E. Waagen and
               A. E. Eiben},
  title     = {Evolutionary Programming VII, 7th International Conference, EP98,
               San Diego, CA, USA, March 25-27, 1998, Proceedings},
  booktitle = {Evolutionary Programming},
  publisher = {Springer},
  series    = {Lecture Notes in Computer Science},
  volume    = {1447},
  year      = {1998},
  isbn      = {3-540-64891-7},
  bibsource = {DBLP, http://dblp.uni-trier.de}
}


%------------------------------------------------------------
@BOOK{Fogel:EP:1966,
  AUTHOR =       {L. Fogel},
  TITLE =        {Artificial Intelligence Through Simulated Evolution },
  PUBLISHER =    {John Wiley \& Sons},
  YEAR =         {1966},
}


%------------------------------------------------------------
@ARTICLE         {CastilloCEC99,
        author = {P.A. Castillo and J. Gonz\'{a}lez and J.J. Merelo and V. Rivas and G. Romero and A. Prieto},
         title = {{G-Prop-II: Global Optimization of Multilayer Perceptrons using GAs}},
       journal = {In Congress on Evolutionary Computation, Volume III, pp. 2022-2027, Washington D.C., USA},
          year = 1999
}

%------------------------------------------------------------
@BOOK{Darwin59,
  AUTHOR =       {C. Darwin},
  TITLE =        {On the Origin of Species by Means of Natural Selection or the Preservation of Favoured Races in the Struggle for Life} ,
  PUBLISHER =    {John Murray},
  YEAR =         {1859},
}

%------------------------------------------------------------
@ARTICLE         {RomeroPPSN2000,
        author = {G. Romero and M.G. Arenas and J. Carpio and J.G. Castellano and P.A. Castillo and J.J. Merelo and A. Prieto and V. Rivas},
         title = {Evolutionary Computation Visualization: Application to {G-PROP}},
       journal = {Lecture Notes in Computer Science},
         volumen =   1917,
          year = 2000,
  pages =    {902--912},
    publisher =    {Springer-Verlag},
}



%------------------------------------------------------------
@BOOK{Michalewicz96,
  author =    {Zbigniew Michalewicz},
  title =     {Genetic Algorithms + Data Structures = Evolution
          Programs , Third, Extended Edition},
  publisher = {Springer-Verlag},
  year =      1996
}


%------------------------------------------------------------
@BOOK{koza:1992:BOOK,
  author =       {John R. Koza},
  title =        {Genetic Programming: On the Programming of Computers
                 by Means of Natural Selection},
  year =         {1992},
  publisher =    {MIT Press},
  address =      {Cambridge, MA, USA},
  keywords =     {genetic algorithms, genetic programming, text BOOK},
  ISBN =         {0-262-11170-5},
}

%------------------------------------------------------------
@InProceedings{Fujiko:1987:GP,
  author =       {H. de Garis},
  title =        {Using the genetic algorithm to generate LISP source code to solve the prisoner's dilemma.},
  BOOKtitle =    {Second International Conference on Genetic Algorithms},
  year =         {1987},
  pages =        {236-240},
  address =      {Cambridge, MA: Lawrence Erlbraum},
  keywords =     {genetic algorithms, genetic programming},
}


%------------------------------------------------------------
@INPROCEEDINGS{deGaris:1990:GP,
  author =       {H. de Garis},
  title =        {Genetic programming: modular evolution for darwin machines.},
  BOOKtitle =    {International Joint Conference on Neural Networks},
  year =         {1990},
  pages =        {194-197},
  address =      {Washington, DC: Lawrence Erlbraum},
  keywords =     {genetic algorithms, genetic programming},
}


%------------------------------------------------------------
@INPROCEEDINGS{Koza:1990:gem,
  author =       {John R. Koza},
  title =        {A genetic approach to econometric modeling},
  BOOKtitle =    {Sixth World Congress of the Econometric Society},
  year =         {1990},
  address =      {Barcelona, Spain},
  keywords =     {genetic algorithms, genetic programming},
  notes =        {27 August},
}

%------------------------------------------------------------
@INPROCEEDINGS{Koza:1990:GPai,
  author =       {John R. Koza},
  title =        {Genetically breeding populations of computer programs
                 to solve problems in artificial intelligence},
  BOOKtitle =    {Proceedings of the Second International Conference on
                 Tools for AI, Herndon, Virginia, USA},
  year =         {1990},
  pages =        {819--827},
  month =        {6-9 november},
  publisher =    {IEEE Computer Society Press, Los Alamitos, CA, USA},
  keywords =     {genetic algorithms, genetic programming},
}

%------------------------------------------------------------
@Misc{Koza:1990:pat-GAsp,
  author =       {John R. Koza},
  title =        {Non-Linear Genetic Algorithms for Solving Problems},
  howpublished = {U.S. Patent},
  year =         {1990},
  month =        {19 June},
  note =         {filed may 20, 1988, issued june 19, 1990, 4,935,877.
                 Australian patent 611,350 issued september 21, 1991.
                 Canadian patent 1,311,561 issued december 15, 1992.},
  keywords =     {genetic algorithms, genetic programming},
  size =         {pages},
}

%------------------------------------------------------------
@INPROCEEDINGS{koza:1990:isp,
  author =       {John R. Koza},
  title =        {Integrating symbolic processing into genetic
                 algorithms},
  BOOKtitle =    {Workshop on Integrating Symbolic and Neural Processes
                 at AAAI-90},
  year =         {1990},
  publisher =    {AAAI},
  keywords =     {genetic algorithms, genetic programming},
  notes =        {Presented at the Workshop on Integrating Symbolic and
                 Neural Processes at AAAI-90 in Boston, MA, USA, July
                 29, 1990.},
}

%------------------------------------------------------------
@PHDTHESIS{Hartmann74,
  AUTHOR =       {Dietrich Hartmann},
  TITLE =        {Optimierung balkenartiger Zylinderschalen aus Stahlbeton mit elastischem und plastischem Werkstoffverhalten},
  SCHOOL =       {University of Dortmunt},
  YEAR =         {1974},
  type =         {PhD Thesis},
  month =        {July},
  file = F
}

%------------------------------------------------------------
@PHDTHESIS{Hofler76,
  AUTHOR =       {A. Höfler},
  TITLE =        {Formoptimierung von Leichtbaufachwerken durch Einsatz einer Evolutionsstrategie},
  SCHOOL =       {Technical University of Berlin},
  YEAR =         {1976},
  type =         {PhD Thesis},
  address =      {Dept. Verkehrswesen},
  month =        {June},
  file = F
}

%------------------------------------------------------------
@ARTICLE         {Rechenberg73,
        author = {I. Rechenberg},
         title = {Evolutionsstrategie: optimierung Technischer Systeme nach Prinzipien der Biologischen Evolution},
       journal = {Frommann-Hozboog (Stuttgart)},
          year = 1973
}


%------------------------------------------------------------
@INPROCEEDINGS{spears93overview,
    author = {W. M. Spears and K. A. De Jong and T. B{\"a}ck and D. B. Fogel and H. de Garis},
    title = {An Overview of Evolutionary Computation},
    BOOKtitle = {Proceedings of the European Conference on Machine Learning ({ECML}-93)},
    volume = {667},
    publisher = {Springer Verlag},
    address = {Vienna, Austria},
    editor = {Pavel B. Brazdil},
    pages = {442--459},
    year = {1993},
    url = {citeseer.nj.nec.com/\-spears93overview.html}
}

%------------------------------------------------------------
@phdthesis{Schw75,
    AUTHOR      = {Hans--Paul Schwefel},
    TITLE       = {{Evolutionsstrategie und numerische
            Op\-ti\-mie\-rung}},
    SCHOOL      = {Tech\-ni\-cal Uni\-ver\-si\-ty of Ber\-lin,
            De\-part\-ment of Pro\-cess Engi\-neer\-ing},
    YEAR        = {1975},
    TYPE        = {{Dr.-Ing.~Thesis}}
}

%------------------------------------------------------------
@BOOK{Penrose,
  AUTHOR =       {Roger Penrose, Martin Gardner},
  TITLE =        {The Emperor's New Mind: Concerning Computers, Minds, and the Laws of Physics (Popular Science)},
  PUBLISHER =    {Oxford University Press},
  YEAR =         {2002},
  month =        {October},
  isbn =         {0192861980},
  file = F
}

%------------------------------------------------------------
@misc{back91survey,
  author = {T. Back and F. Hoffmeister and H. Schwefel},
  title = {A survey of evolution strategies},
  text = {Thomas Back, Frank Hoffmeister, and Hans-Paul Schwefel. A survey of evolution
    strategies. In Lashon B. Belew, Richard K.; BOOKer, editor, Proceedings
    of the 4th International Conference on Genetic Algorithms, pages 2--9, San
    Diego, CA, July 1991. Morgan Kaufmann.},
  year = {1991},
  url = {citeseer.nj.nec.com/\-back91survey.html}
}
%------------------------------------------------------------
@ARTICLE{dejong93using,
    author = {Kenneth A. De Jong and William M. Spears and Diana F. Gordon},
    title = {Using Genetic Algorithms for Concept Learning},
    journal = {Machine Learning},
    volume = {13},
    pages = {161-188},
    year = {1993},
    url = {citeseer.nj.nec.com/\-dejong93using.html }
}

%------------------------------------------------------------
@PROCEEDINGS{Belew91,
  TITLE =        {Proceedings of the Fourth International Conference on Genetic Algorithms},
  YEAR =         {1991},
  editor =       {Richard K. Belew and Lashon B. BOOKer},
  publisher = {Morgan Kaufmann Publishers},
  address = {San Mateo, CA},
  source =       {citeseer.nj.nec.com/\-collins91selection.html},
}


%------------------------------------------------------------
@INCOLLECTION{Davidor91,
   ADDRESS = {New York, New York},
   EDITOR = {Lawrence Davis},
   KEY = {Davidor, 1991},
   PUBLISHER = {Van Nostrand Reinhold},
   BOOKTITLE = {HandBOOK of Genetic Algorithms},
   TITLE = {A {G}enetic {A}lgorithm {A}pplied {T}o {R}obot {T}rajectory
            {G}eneration},
   AUTHOR = {Yuval Davidor},
   PAGES = {144--165},
   CHAPTER = {12},
   YEAR = {1991}
}

%------------------------------------------------------------
@BOOK{Pedrycz96,
  AUTHOR = {Witold Pedrycz},
  YEAR = {1996},
  TITLE = {Fuzzy modelling : paradigms and practice},
  PUBLISHER = {Boston : Kluwer Academic Publishers},
  NOTE = {Harold Cohen Library Liverpool}
}


%------------------------------------------------------------
@TECHREPORT{Nissen93,
  AUTHOR =       {V. Nissen},
  TITLE =        {Evolutionary Algorithms in management science: an overview and list of references.},
  INSTITUTION =  {Universitaet Goettingen},
  YEAR =         {1993},
  type =         {papers on Economics and Evolution},
  number =       {9303},
}

%------------------------------------------------------------
@Proceedings{Herrera96,
  editor =       {F. Herrera and J. L. Verdegay},
  BOOKtitle =    {Genetic Algorithms and Soft Computing},
  title =        {Genetic Algorithms and Soft Computing},
  year =         {1996},
  month =        sep,
  volume =       {8},
  series =       {Studies in Fuzziness and Soft Computing},
  organisation = {Physica-Verlag},
  publisher =    {Physica-Verlag},
  address =      {Heidelberg},
  keywords =     {Genetic Programming, Genetic Algorithms},
}


%------------------------------------------------------------
@BOOK{Forrest:93,
  EDITOR = {S. Forrest},
  TITLE = {Proc. of the Fifth International Conference on Genetic Algorithms},
  YEAR = 1993,
  PUBLISHER = {Morgan Kaufmann},
  KEYWORDS = {}}

%------------------------------------------------------------
@BOOK{Belew:91,
  EDITOR = {R. K. Belew and L. B. BOOKer},
  TITLE = {Proc. of the Fourth International Conference on Genetic Algorithms},
  YEAR = 1991,
  PUBLISHER = {Morgan Kaufmann},
  ADDRESS = {San Mateo, CA},
  KEYWORDS = {}}



%------------------------------------------------------------
@BOOK{Michalewicz92,
  author =    {Zbigniew Michalewicz},
  title =     {Genetic Algorithms + Data Structures = Evolution Programs},
  publisher = {Springer-Verlag},
  year =      1992
}

%------------------------------------------------------------
@BOOK{Goldberg89,
  author =       {David E. Goldberg},
  title =        {Genetic Algorithms in Search, Optimization, and Machine Learning},
  publisher =    {Addison Wesley},
  year =         {1989},
  isbn =         {0-201-15767-5},
}

%------------------------------------------------------------
@TECHREPORT{Holland75,
  author =       {John H. Holland},
  title =        {Adaptation in Natural and Artificial Systems},
  institution =  {University of Michigan},
  year =         {1975},
  type =         {Press},
  address =      {Boston},
}


%------------------------------------------------------------
@MISC{HITCH00,
  author =       {Heitkötter Jörg and Beasley David},
  title =        {Hitch-Hiker's guide to evolutionary computation},
  howpublished = {Available in \texttt{http:/\-/\-www.faqs.org/\-faqs/\-ai-faq/\-genetic/\-part1/\-preamble.html}},
  year =         {2001},
  month =        {Dec},
  file = F
}


%------------------------------------------------------------
@String{pub-MIT                 = {The MIT Press}}

%------------------------------------------------------------
@String{pub-MIT:adr             = {Cambridge, MA}}
%------------------------------------------------------------
@String{ack-nhfb = {Nelson H. F. Beebe,
                    Center for Scientific Computing,
                    University of Utah,
                    Department of Mathematics, 110 LCB,
                    155 S 1400 E RM 233,
                    Salt Lake City, UT 84112-0090, USA,
                    Tel: +1 801 581 5254,
                    FAX: +1 801 581 4148,
                    URL: \texttt{http:/\-/\-www.math.utah.edu/\-~beebe/\-}}}

%------------------------------------------------------------
@String{j-DEC-PROFESSIONAL      = {The DEC Professional}}
%------------------------------------------------------------
@String{ack-nhfb = {Nelson H. F. Beebe,
                    Center for Scientific Computing,
                    University of Utah,
                    Department of Mathematics, 322 INSCC,
                    155 S 1400 E RM 233,
                    Salt Lake City, UT 84112-0090, USA,
                    Tel: +1 801 581 5254,
                    FAX: +1 801 585 1640, +1 801 581 4148,
                    URL: \texttt{http:/\-/\-www.math.utah.edu/\-~beebe/\-}}}

%------------------------------------------------------------
@String{j-THEOR-COMP-SCI        = {Theoretical Computer Science}}
%------------------------------------------------------------
@String{j-BYTE                  = {Byte Magazine}}

%------------------------------------------------------------
%------------------------------------------------------------
@MISC{Ventajas:ModeloMensajes,
  author =       {Parallel Research Group},
  title =        {Advantages of the Message-Passing Model},
  howpublished = {Available in \texttt{http:/\-/\-prg.cpe.ku.ac.th/\-~thvo/\-mpith/\-thesis/\-mpith-proposal/\-node13.html}},
  year         = {2002},
}
%------------------------------------------------------------
%------------------------------------------------------------
@MISC{MPMensajes:b,
  author =       {G.J. Crone and D. Francis and M. Joos and J. Petersen },
  title =        {Message passing Model },
  note = {Available from \texttt{http:/\-/\-rd13doc.cern.ch/\-Atlas/\-Notes/\-063/\-Note063-10.html}},
}
%------------------------------------------------------------
%------------------------------------------------------------
@MISC{MPMensajes:a,
  author =       {Areli García López and Julián J. Delgado and Salvador Castañeda },
  title =        {Metodologías de Paralelización en la Supercomputadora CICESE2000},
  note  ={Available from \texttt{http:/\-/\-telematica.cicese.mx/\-computo/\-super/\-cicese2000/\-paralelo/\-Part4.html}},
  address =     {Centro de Investigación Científica y de Educación Superior de Ensenada},
}
%------------------------------------------------------------

@InProceedings{Gropp:1994:MCL,
  author =       {W. Gropp and E. Lusk},
  title =        {The {MPI} communication library: its design and a portable implementation},
  booktitle =    {Proceedings of the Scalable Parallel Libraries Conference, October 6--8, 1993, Mississippi State, Mississippi},
  publisher =    {IEEE Computer Society Press},
  address =      {1109 Spring Street, Suite 300, Silver Spring, MD 20910, USA},
  year =         {1994},
  ISBN =         {0-8186-4980-1},
  pages =        {160--165},
  conftitle =    {Proceedings of Scalable Parallel Libraries Conference},
  sponsororg =   {Mississippi State Univ.; Nat. Sci. Found},
}



%------------------------------------------------------------
@Article{Gropp:1996:MPI,
  author =       {W. Gropp and E. Lusk and N. Doss and A. Skjellum},
  title =        {A high-performance, portable implementation of the
                 {MPI} message passing interface standard},
  journal =      {Parallel Computing},
  volume =       {22},
  number =       {6},
  pages =        {789--828},
  month =        sep,
  year =         {1996}
}

%------------------------------------------------------------
@inproceedings{culler93logp,
    author = {David E. Culler and Richard M. Karp and David A. Patterson and Abhijit Sahay and Klaus E. Schauser and Eunice Santos and Ramesh Subramonian and Thorsten von Eicken},
    title = {LogP: Towards a Realistic Model of Parallel Computation},
    booktitle = {Principles  Practice of Parallel Programming},
    pages = {1-12},
    year = {1993},
    url = {citeseer.nj.nec.com/\-culler93logp.html}
    }

%------------------------------------------------------------
@INPROCEEDINGS{Siniolakis96,
  AUTHOR =       {A.V. Gerbessiotis and C.J. Siniolakis},
  TITLE =        {Deterministic sorting and randomized median finding on the BSP model.},
  BOOKTITLE =    {Proceedings of the 8-th {ACM} symposium on Parallel Algorithms and Architectures},
  YEAR =         {1996},
  address =      {Padova, Italy},
  month =        {1996},
}


%------------------------------------------------------------
@ARTICLE{Gerbessiotis94,
  AUTHOR =       {A.V. Gerbessiotis and L.G. Valiant},
  TITLE =        {Direct Bulk-Synchronous Parallel Algorithms},
  JOURNAL =      {Journal of Parallel and Distributed Computing},
  YEAR =         {1994},
  volume =       {22},
  pages =        {251--267},
}

%------------------------------------------------------------
@article{Val-CACM-90,
   title = {A bridging model for parallel computation},
   author = {Leslie G. Valiant},
   journal = {Commun. of the ACM},
   publisher = {ACM},
   volume = {33},
   pages = {103--111},
   year = {1990}}


%------------------------------------------------------------
@INPROCEEDINGS{Gibbsons98,
  AUTHOR =       {Gibbons P.~B.},
  TITLE =        {A More Practical PRAM Model},
  BOOKTITLE =    {1st ACM Symp. on Parallel Algorithms and Architectures},
  YEAR =         {1989},
  pages =        {158.168},
  month =        {June},
}

%------------------------------------------------------------
@INPROCEEDINGS{Fortune78,
  AUTHOR =       {S. Fortune and Wyllie, J.},
  TITLE =        {Parallelism in random access machines},
  BOOKTITLE =    {Proceedings of the 10th Annual ACM Symposium on Theory of Computing},
  YEAR =         {1978},
  pages =        {114-118},
}


%------------------------------------------------------------
@Article{Aggarwal:1990:CCP,
  author =       {A. Aggarwal and A. K. Chandra and M. Snir},
  title =        {Communication complexity of {PRAMs}},
  journal =      j-THEOR-COMP-SCI,
  volume =       {71},
  number =       {1},
  pages =        {3--28},
  day =          {13},
  month =        mar,
  year =         {1990},
  CODEN =        {TCSCDI},
  ISSN =         {0304-3975},
  bibdate =      {Sat Nov 22 13:24:22 MST 1997},
  acknowledgement = ack-nhfb,
  classification = {C4240 (Programming and algorithm theory); C5320G
                 (Semiconductor storage)},
  corpsource =   {IBM, Thomas J. Watson Res. Center, Yorktown Heights,
                 NY, USA},
  keywords =     {arithmetic; binary tree; communication complexity;
                 computational complexity; computational requirements;
                 local memory; LPRAM; random-access storage; semirings;
                 trees (mathematics)},
  pubcountry =   {Netherlands},
  treatment =    {P Practical; T Theoretical or Mathematical},
}


%------------------------------------------------------------
@misc{aggarwal89annual,
  author = {A. Aggarwal and A. Chandra and M. Snir and c latency and p computations},
  title = {Annual ACM Symposium on Parallel Algorithms and Architectures},
  text = {A. Aggarwal, A. K. Chandra, and M. Snir. On communication latency in pram
    computations. Annual ACM Symposium on Parallel Algorithms and Architectures,
    pages 11--22, 1989.},
  year = {1989} }


%------------------------------------------------------------
@ARTICLE{Dal92,
  AUTHOR =       {Dally William J.},
  TITLE =        {Virtual-Channel Flow Control},
  JOURNAL =      {IEEE Transactions on Parallel and Distributed Systems},
  YEAR =         {1992},
  volume =       {3},
  pages =        {194--205},
  month =        {March},
}


%------------------------------------------------------------
@ARTICLE{Dal90,
  AUTHOR =       {Dally William J.},
  TITLE =        {Performance analysis of k-ary n-cube Interconnection Networks},
  JOURNAL =      {IEEE Computer Transactions},
  YEAR =         {1990},
  volume =       {36},
  number =       {5},
  pages =        {547--553},
  month =        {June},
}


%------------------------------------------------------------
@String{SIAMSciStat = {{SIAM} Journal on Scientific and Statistical Computing }}

%------------------------------------------------------------
@Article{DonS87a,
  author =       {J. J. Dongarra and D. C. Sorensen},
  year =         {1987},
  title =        {A Fully Parallel Algorithm for the Symmetric Eigenvalue Problem},
  journal =      SIAMSciStat,
  volume =       {8},
  pages =        {139--154},
}



%------------------------------------------------------------
@Article{Saal:1989:LTL,
  author =       {H. Saal},
  title =        {Looking for trouble ({LAN} performance)},
  journal =      j-BYTE,
  volume =       {14},
  number =       {1},
  pages =        {259--265},
  month =        jan,
  year =         {1989},
  CODEN =        {BYTEDJ},
  ISSN =         {0360-5280},
  bibdate =      {Thu Sep 12 17:54:09 MDT 1996},
  acknowledgement = ack-nhfb,
  affiliation =  {Network Gen. Corp., Mountain View, CA, USA},
  classification = {B6210L (Computer communications); C5620L (Local area
                 networks); C6150G (Diagnostic, testing, debugging and
                 evaluating systems); C6150E (General utility
                 programs)},
  keywords =     {Access codes; Caching; LAN performance; Path; Protocol
                 decoding; Troubleshooting tools},
  thesaurus =    {Local area networks; Performance evaluation;
                 Telecommunication network management; Utility
                 programs},
}

%------------------------------------------------------------
@TECHREPORT{Grabiele92,
  AUTHOR =       {Grabiele Kotsis},
  TITLE =        {Interconnection Topologies and Routing for Parallel Processing Systems},
  INSTITUTION =  {Austrian Center for Parallel Computation},
  YEAR =         {1992},
  type =         {Technical Report},
  number =       {ACPC/\-TR 92-19},
  address =      {Institut f'ur Angewandte Informatik und Informationssysteme, Universit'at at Wien, 1080 Wien Austria.},
  file = topologias.ps
}

%------------------------------------------------------------
@Article{Dasgupta:1990:HTS,
  author =       {Subrata Dasgupta},
  title =        {A Hierarchical Taxonomic System for Computer Architectures},
  journal =      {Computer},
  volume =       {23},
  number =       {3},
  pages =        {64--74},
  month =        mar,
  year =         {1990},
  CODEN =        {CPTRB4},
  ISSN =         {0018-9162},
  bibdate =      {Sat Feb 1 16:21:14 MST 1997},
  bibsource =    {Compendex database},
  abstract =     {Using formulas inspired by chemical notation, we can
                 classify computer architectures in a way that provides
                 both predictive power and explanatory capabilities.},
  acknowledgement = ack-nhfb,
  affiliation =  {Center for Adv. Comput. Studies, Univ. of Southwestern
                 Louisiana, Lafayette, LA, USA},
  classification = {722; 723; 903; C5220 (Computer architecture)},
  journalabr =   {Computer},
  keywords =     {Chemical notation; Classification; Computer
                 Architecture; Computer architectures; Endoarchitecture;
                 Explanatory capabilities; Hardware components;
                 Information Science--Classification; Integrated system;
                 Logical structure; Novel hierarchical architectural
                 taxonomic system; Predictive power; Taxonomic scheme;
                 Taxonomic Systems},
  thesaurus =    {Classification; Computer architecture},
}

%------------------------------------------------------------
@BOOK{Hockney88,
  AUTHOR =       {Roger W. Hockney and C. R. Jesshope},
  TITLE =        {Parallel Computers 2: Architecture, Programming and Algorithms},
  PUBLISHER =    {Adam Hilger},
  YEAR =         {1988},
  edition =      {2nd},
  month =        {December},
}


%------------------------------------------------------------
@BOOK{Kumar94,
  AUTHOR =       {V. Kumar and A. Grama and A. Gupta and and G. Karypis},
  TITLE =        {Introduction to Parallel Computing: Design and Analysis of Algorithms},
  PUBLISHER =    {Addison-Wesley Pub Co},
  YEAR =         {1994},
  address =      {Redwood City},
  month =        {January},
  isbn =         {0-8053-3170-0},
}

%------------------------------------------------------------
@Article{Dowd:1993:CTF,
  author =       {Kevin Dowd and David R. Radin},
  title =        {The {Cray T3D}: From Fringe to Forefront},
  journal =      j-DEC-PROFESSIONAL,
  volume =       {12},
  number =       {12},
  pages =        {26},
  month =        dec,
  year =         {1993},
  ISSN =         {0744-9216},
  bibdate =      {Fri Aug 23 10:08:37 MDT 1996},
  abstract =     {Traditional supercomputer vendors increase throughput
                 by enhancing processors, buses and peripherals.
                 Massively parallel processor vendors increase
                 throughput by performing computations across hundreds
                 of processors concurrently. Cray Research Inc. is
                 hoping to bridge the gap between the fringe MPP vendors
                 and mainstream supercomputing with Cray T3D system.},
  acknowledgement = ack-nhfb,
}

%------------------------------------------------------------
@BOOK{Skillicorn94,
  AUTHOR =       {Skillicorn D.},
  TITLE =        {Foundations of Parallel Programming},
  PUBLISHER =    {Cambridge Univ Pess},
  YEAR =         {1994},
}

%------------------------------------------------------------
@article{alexandrov97loggp,
    author = {Albert Alexandrov and Mihai F. Ionescu and Klaus E. Schauser and Chris Scheiman},
    title = {{LogGP}: Incorporating Long Messages into the {LogP} Model for Parallel Computation},
    journal = {Journal of Parallel and Distributed Computing},
    volume = {44},
    number = {1},
    pages = {71--79},
    year = {1997},
    url = {citeseer.nj.nec.com/\-article/\-alexandrov95loggp.html}
 }
%------------------------------------------------------------
@inproceedings{karp93optimal,
    author = {Richard M. Karp and Abhijit Sahay and Eunice E. Santos and Klaus E. Schauser},
    title = {Optimal Broadcast and Summation in the LogP Model},
    booktitle = {{ACM} Symposium on Parallel Algorithms and Architectures},
    pages = {142-153},
    year = {1993},
    url = {citeseer.nj.nec.com/\-karp93optimal.html}
     }

%------------------------------------------------------------
@inproceedings{culler93fast,
    author = {Culler, D. E. and Dusseau, A. and Martin, R. and Schauser, K. E.},
    title = {{F}ast {P}arallel {S}orting under {L}og{P}: from {T}heory to {P}ractice},
    booktitle = {Proceedings of the Workshop on Portability and Performance for Parallel Processing},
    month = {July},
    publisher = {Wiley},
    address = {Southampton, England},
    year = {1993},
    url = {citeseer.nj.nec.com/\-culler94fast.html}
}

%------------------------------------------------------------
@inproceedings{bilardi96bsp,
    author = {Gianfranco Bilardi and Kieran T. Herley and Andrea Pietracaprina and Geppino Pucci and Paul G. Spirakis},
    title = {{BSP} vs LogP},
    booktitle = {{ACM} Symposium on Parallel Algorithms and Architectures},
    pages = {25-32},
    year = {1996},
    url = {citeseer.nj.nec.com/\-bilardi96bsp.html}
}


%------------------------------------------------------------
@techreport{TR-DCC-95-13,
  number = {DCC-95-13},
  title = {Parallel Computation Models and Algorithm Design},
  author = {Ronaldo P. de Menezes and Setubal, Jo{\~a}o C.},
  month = aug,
  year = {1995},
  institution = {State University of Campinas, Department of Computer Science},
  pages = {12},
  language = port,
  }

%------------------------------------------------------------
@misc{gutzmann-classification,
  author = {Michael M. Gutzmann and Ralph Weper},
  title = {Classification Approaches for Parallelizing Architectures},
  year = {1996},
  url = {citeseer.nj.nec.com/\-gutzmann96classification.html}
}


%------------------------------------------------------------
@ARTICLE{TaxFlyn,
  AUTHOR =       {M. J. Flynn},
  TITLE =        {Some computer organizations and their effectiveness},
  JOURNAL =      {IEEE Computer},
  YEAR =         {1972},
  volume =       {21},
  pages =        {948-960},
}

%------------------------------------------------------------
@ARTICLE{Dun90,
  AUTHOR =       {R.A. Duncan},
  TITLE =        {Survey of Parallel Computer Architectures},
  JOURNAL =      {IEEE Computer},
  YEAR =         {1990},
  volume =       {23},
  number =       {2},
  pages =        {5-16},
  month =        {Feb},
}


%------------------------------------------------------------
@BOOK{kaihwang84,
  AUTHOR =       {Kai Hwang and Fayé Briggs},
  editor =       { },
  TITLE =        {Computer Architecture and Parallel Processing},
  PUBLISHER =    {McGraw-Hill Book Company},
  YEAR =         {1984},
}


%------------------------------------------------------------
@article{Turing36,
author = {A. M. Turing},
journal = {{Proceedings of the London Mathematical Society, Series 2}},
pages = {230-265},
title = {{On computable numbers, with an application to the Entscheidungsproblem}},
volume = {42},
year = {1936}
}
%------------------------------------------------------------
%------------------------------------------------------------
@BOOK{Aspray:1987:PJN2,
  AUTHOR =       {William Aspray and Arthur Burks},
  editor =       {William Aspray and Arthur Burks},
  TITLE =        {Papers of {John von Neumann} on computing and computer theory},
  PUBLISHER =    {The MIT Press},
  YEAR =         {1987},
  volume =       {12},
}

%------------------------------------------------------------
@Book{Aspray:1987:PJN,
  editor =       {William Aspray and Arthur Burks},
  title =        {Papers of {John von Neumann} on computing and computer
                 theory},
  volume =       {12},
  publisher =    pub-MIT,
  address =      pub-MIT:adr,
  pages =        {xviii, 624},
  year =         {1987},
  ISBN =         {0-262-22030-X},
  LCCN =         {QA76.5 .P3145 1987},
  bibdate =      {Mon Sep 16 16:40:48 2002},
  series =       {Charles Babbage Institute reprint series for the
                 history of computing},
  acknowledgement = ack-nhfb,
  keywords =     {Von Neumann, John, 1903--1957},
}

%------------------------------------------------------------
@Misc{Burks:1946:PDL,
  author =       {A. W. Burks and H. H. Goldstine and J. von Neumann},
  title =        {Preliminary discussion of the logical design of an
                 electronic computing instrument},
  howpublished = {Report to the U.S. Army Ordnance Department},
  year =         {1946},
  bibdate =      {Mon Sep 16 16:08:44 2002},
  acknowledgement = ack-nhfb,
}


%------------------------------------------------------------


%------------------------------------------------------------
@PHDTHESIS{Zamora99,
  AUTHOR =       {Antonio Zamora Gómez},
  TITLE =        {Análisis de eficiencia de algoritmos BSP para la resolución de sistemas lineales tridiagonales},
  SCHOOL =       {Universidad de Alicante},
  YEAR =         {1999},
  type =         {Thesis},
  file = /\-home/\-maribel/\-Tesis/\-documentacion/\-compuParalela/\-TesisZamora.pdf
}


%------------------------------------------------------------
%Herbert Hoeger (1997) Introduccion a la Computacion Paralela
%   http:/\-/\-www.cecalc.ula.ve/\-adiestramiento.html#documentos


%------------------------------------------------------------
%------------------------------------------------------------
%------------------------------------------------------------
Fine-Grained Parallel Genetic Algorithms
%------------------------------------------------------------
%------------------------------------------------------------
@techreport{ga:Bethke76,
  author = {A. D. Bethke},
  title = {Comparison of genetic algorithms and gradient-based optimizers on parallel processors: Efficiency of use of processing capacity},
  year = {1976},
  institution = {University of Michigan, Ann Arbor, Logic of Computers Group},
}
%------------------------------------------------------------
%------------------------------------------------------------
@proceedings{PPSN91,
   title     = {Proceedings of the First Conference on Parallel
       Problem Solving from Nature},
   year      = {1991},
   month     = {October 1-3},
   editor    = {Hans-Paul Schwefel and Reinhart M\"{a}nner},
   publisher = {Springer-Verlag},
   address   = {Dortmund, Germany},
   volume    = {496},
   series    = {Lecture Notes in Computer Science}
}
%------------------------------------------------------------
%------------------------------------------------------------
@proceedings{PPSN92,
   title     = {Proceedings of the Second Conference on Parallel
       Problem Solving from Nature, Brussels, Belgium},
   year      = {1992},
   month     = {September 28-30},
   editor    = {Reinhart M\"{a}nner and Bernhard Manderick},
   publisher = {Elsevier},
   address   = {Amsterdam}
}
%------------------------------------------------------------
%------------------------------------------------------------
@Proceedings{PPSN94,
  title =    {Proceedings of the Third Conference on Parallel Problem Solving from Nature, {PPSN III} },
  year =     1994,
  editor =   {Y. Davidor, H.-P. Schwefel, R. M\"{a}nner},
  number =   866,
  series =   {Lecture Notes in Computer Science},
  publisher =    {Springer-Verlag}
}
%------------------------------------------------------------
%------------------------------------------------------------
@proceedings{FEA2000,
  editor    = {P. P. Wang},
  title     = {Frontiers of Evoulutionary Algorithms},
  booktitle = {FEA2000 Joint Conference on Information Sciences},
  publisher = {JCIS 2000},
  volume    = {1},
  year      = {2000},
  isbn      = {0-9643456-9-2}
}
%------------------------------------------------------------
%------------------------------------------------------------
@InProceedings{Fogarty1991,
  author =       {T. Fogarty and R. Huang},
  title =        {Implementing the {G}enetic {A}lgorithm on {T}ransputer
                 {B}Ased {P}arallel {P}rocessing {S}ystems},
  booktitle =    {Parallel Problem Solving from Nature},
  editor =       {H. Schwefel and R. Männer},
  year =         1991,
  publisher =    {Springer-Verlag},
  pages =        {145--149},
}
%------------------------------------------------------------
%------------------------------------------------------------
@techreport{cantupaz99designing,
    author = {E. Cant{\'u}-Paz},
    title = {Designing efficient and accurate parallel genetic algorithms},
    number = {2108},
    address = {Urbana, Illinois},
    institution = {University Illinois},
    year = {1999},
    url = {citeseer.nj.nec.com/\-cantu-paz99designing.html}
}
%------------------------------------------------------------
%------------------------------------------------------------
@misc{schwehm96,
  author = {Markus Schwehm},
  title = {Parallel Population Models for Genetic Algorithms},
  year = 1996,
  OPTfile = {Tesis/\-paralelos/\-schwehm96parallel.ps}
}
%------------------------------------------------------------
%------------------------------------------------------------
@misc{cantu-paz95summary,
  author = {E. Cant{\'u}-Paz},
  title = {A summary of research on parallel genetic algorithms},
  text = {Erick Cantú-Paz. A summary of research on parallel genetic algorithms.
    IlliGAL report 95007, University of Illinois at Urbana-Champaign, 1995.
    (ftp-illigal.ge.uiuc.edu: /\-pub/\-papers/\-IlliGALs/\- 95007.ps.Z) Key: ga95aCantu-Paz.},
  year = {1995},
  OPTfile = {Tesis/\-paralelos/\-a-summary-of-research.ps}
}
%------------------------------------------------------------
%------------------------------------------------------------
@TechReport{cantu-paz97survey,
  author = {E. Cant{\'u}-Paz},
  title = {A survey of Parallel Genetic Algorithms},
  type =         {Technical Report},
  number =       {97003},
  institution =  {Illinois Genetic Algorithms Laboratory, University of Illinois
  at Urbana-Champaign},
  year =         {1997},
  OPTfile = {SurveryCantuPaz.pdf}
}
%------------------------------------------------------------
%------------------------------------------------------------
@article{ga99bEAlba,
  author = {E. Alba and J. M. Troya},
  title = {A survey of parallel distributed genetic algorithms},
  journal = {Complexity (USA)},
  year = {1999},
  volume = {4},
  number = {4},
  pages = {31--52},
  OPTfile = {Tesis/\-paralelos/\-complex.ps}
}
%------------------------------------------------------------
%------------------------------------------------------------
@ARTICLE{FGCS01,
  author =       {E. Alba and J.M. Troya},
  title =        {Analyzing Synchronous and Asynchronous Parallel Distributed Genetic Algorithms},
  journal =      {Future Generation Computer Systems},
  year =         {2001},
  volume =       {17},
  number =       {4},
  pages =        {451-465},
  month =        {January},
  note =         {Tesis/\-paralelos/\-fgcs1.ps},
}
%------------------------------------------------------------
%------------------------------------------------------------
@ARTICLE{Complesity99,
  author =       {E. Alba and J.M. Troya},
  title =        {A Survey of Parallel Distributed Genetic Algorithms},
  journal =      {Complexity},
  year =         {1999},
  volume =       {4},
  number =       {4},
  pages =        {31-52},
  note =         {Tesis/\-paralelos/\-complex.ps},
}
%------------------------------------------------------------
%------------------------------------------------------------
@ARTICLE{FGCS99,
  author =       {E. Alba and J.M. Troya},
  title =        {An Analysis of Synchronous and Asynchronous Parallel Distributed Genetic Algorithms with Structured and Panmictic Islands},
  journal =      {Parallel and Distributed Processing, J. Rolim et al. (Eds). Lecture Notes in Computer Science 1586, pp. 248-256. Springer-Verlag},
  year =         {1999},
  volume =       {1586},
  pages =        {248-256},
  note =         {Tesis/\-paralelos/\-fgcs1.ps},
}
%------------------------------------------------------------
%------------------------------------------------------------
@PHDTHESIS{EAlbaTh,
  author =       {E. Alba},
  title =        {Análisis y Diseño de Algoritmos Genéticos Paralelos Distribuidos},
  school =       {Universidad de Málaga},
  year =         {1999},
  type =         {Tesis Doctoral},
  month =        {Marzo},
  note =         {los ficheros están en Tesis/\-paralelos comprimidos por capitulos E-Albatesis.zip},
}
%------------------------------------------------------------
%------------------------------------------------------------
@MastersThesis{PGAPIT95,
  author =   {L. Jan Pit},
  title =    {Parallel Genetic Algorithms},
  school =   {Leiden University},
  year =     {1995},
  OPTnote =      {Tesis/\-paralelos/\-pit95.ps},
}
%------------------------------------------------------------
%------------------------------------------------------------
@incollection{tomassini99,
   author = {M. Tomassini},
   title =  {Parallel and Distributed Evolutionary Algorithms: A Review},
   booktitle =  {Evolutionary Algorithms in Engineering and Computer Science},
   publisher =  {J. Wiley and Sons},
   address =    {Chichester},
   year =   {1999},
   editor = {K. Miettinen et al},
   pages =  {113-133},
   note = {Tesis/\-paralelos/\-perea.ps}
}
%------------------------------------------------------------
%------------------------------------------------------------
@TechReport{Grefenstette81,
  author =   {Grefenstette, J.},
  title =    {Parallel adaptive algorithms for function optimization},
  institution =  {Vanderbilt University},
  year =     {1981},
  OPTaddress =   {Nashville, TN},
}
%------------------------------------------------------------
%------------------------------------------------------------
@InProceedings{Hauser1994,
  author = {R. Hauser and Reinhard M\"{a}nner},
  title = {Implementation of Standard Genetic Algorithm on {MIMD} Machines},
  booktitle = {{P}arallel {P}roblem {S}olving from {N}ature -- {PPSN III}},
  editor = {Yuval Davidor and Hans-Paul Schwefel and Reinhard M\"{a}nner},
  year = {1994},
  publisher = {Springer},
  address = {Berlin},
  pages = {504--513},
  note = {{L}ecture {N}otes in {C}omputer {S}cience 866}
}
%------------------------------------------------------------
%------------------------------------------------------------
@Article         {Adamidis,
        author = {P. Adamidis},
         title = {Review of Parallel Genetic Algorithms},
       journal = {Technical Report, Aristotle University of Thessaloniki, Thessaloniki, Greeece},
          year = 1994
}
%------------------------------------------------------------
%------------------------------------------------------------
@TechReport{Baluja:1992,
  author =   {S. Baluja},
  title =    {A Massively Distributed Parallel Genetic Algorithm {MDPGA}},
  institution =  {Carnegie Mellon university, School of Computer Science},
  year =     {1992},
  OPTtype =      {Technical Report},
}
%------------------------------------------------------------
%------------------------------------------------------------
@inproceedings{collins91selection,
    author = {Robert J. Collins and David R. Jefferson},
    title = {Selection in Massively Parallel Genetic Algorithms},
    booktitle = {Proceedings of the Fourth International Conference on Genetic Algorithms},
    publisher = {Morgan Kaufmann Publishers},
    address = {San Mateo, CA},
    editor = {Richard K. Belew and Lashon B. Booker},
    year = {1991},
    url = {citeseer.nj.nec.com/\-collins91selection.html}
}
%------------------------------------------------------------
@inProceedings{Spiessens:91,
  AUTHOR = {P. Spiessens and B. Manderick},
  TITLE = {A Massively Parallel Genetic Algorithm: Implementation and First Analysis},
  YEAR = 1991,
  BOOKTITLE = {Proc.\ of the Fourth International Conference on Genetic Algorithms},
  ADDRESS = {San Diego, CA},
  PAGES = {279-286}
}
%------------------------------------------------------------
%------------------------------------------------------------
@InProceedings{Manderick:1989:FGP,
  title =        {Fine-Grained Parallel Genetic Algorithms},
  author =       {Bernard Manderick and Piet Spiessens},
  booktitle =    {Proceedings of the Third International Conference on Genetic Algorithms},
  editor =       {J. D. Schaffer},
  publisher =    {Morgan Kaufman},
  address =      {San Mateo, CA},
  pages =        {},
  year =         1989,
}
%------------------------------------------------------------
%------------------------------------------------------------
@InProceedings{gorgesschleuter:1992:clmsmpga,
  author = {Martina Gorges-Schleuter},
  title = {Comparison of Local Mating Strategies in Massively Parallel Genetic Algorithms},
  booktitle = {Parallel problem solving from nature 2},
  pages = {553--562},
  year = {1992},
  editor = {Reinhard M\"{a}nner and Bernard Manderick},
  address = {Amsterdam},
  publisher = {North-Holland}
}
%------------------------------------------------------------
%------------------------------------------------------------
@Article{Muhlenbein:1988,
  author =   {H. Mühlenbein and M. MGorges-Schleuter and O. Krämer},
  title =    {Evolution algorithms in combinatorial optimization},
  journal =      {Parallel Computing},
  year =     {1988},
  volume =    {7},
  OPTpages =     {65-85},
}
%------------------------------------------------------------
%------------------------------------------------------------
@InProceedings{gorges89a:ga,
  author =       {{Martina Gorges-Schleuter}},
  title =        {{ASPARAGOS}: An Asynchronous Parallel Genetic
                 Optimization Strategy},
  booktitle =    {Proceedings of the Third International Conference on
                 Genetic Algorithms},
  editor =       {J. David Schaffer},
  publisher =    {Morgan Kaufmann Publishers},
  year =         {1989},
}
%------------------------------------------------------------
%------------------------------------------------------------
@inproceedings{ElghazaliT1991a,
 author      ={El-ghazali Talbi and  Pierre Bessiere},
 title       ={A parallel genetic algorithm for the graph
               partitioning problem},
 address     ={Cologne, Germany},
 booktitle   ={ACM Int. Conf. on Supercomputing ICS91},
 month       ={July},
 year        ={1991},
 scope       ={alg},
 documentURL ={ftp:/\-/\-ftp.imag.fr/\-pub/\-SYMPA},
 keywords    ={genetic algorithms, parallel algorithms, graph partitioning}
}
%------------------------------------------------------------
%------------------------------------------------------------
@Article{Pelikan2000,
  author =   {Martin Pelikan and Prasanna Parthasarathy and Arun Ramraj},
  title =    {Fine-grained Parallel Genetic Algorithms in Charm++},
  journal =      {ACM Crossroads Student Magazine, Available from \texttt{http:/\-/\-www.acm.org/\-crossroads/\-xrds8-3/\-fineGrained.html}},
  year =     {2000}
}
%------------------------------------------------------------
%------------------------------------------------------------
@InProceedings{Jini:FEA2000,
  author =   {J. Atienza and M. Garc\'{i}a and J. Gonz\'{a}lez and J. J. Merelo},
  title =    {Jenetic: a distributed, fine-grained, asynchronous evolutionary algorithm using Jini},
  pages =    {1087--1089},
  year =     2000,
  crossref = {FEA2000}
}
%------------------------------------------------------------
%------------------------------------------------------------
@proceedings{FEA2000,
  editor    = {P. P. Wang},
  title     = {Frontiers of Evoulutionary Algorithms},
  booktitle = {FEA2000 Joint Conference on Information Sciences},
  publisher = {JCIS 2000},
  volume    = {1},
  year      = {2000},
  isbn      = {0-9643456-9-2}
}
%------------------------------------------------------------
%------------------------------------------------------------
@Article{venners99,
  author =   {Bill Venners},
  title =    {Jini: New Technology for a networked world},
  journal =      {JavaWorld},
  year =     1999,
  month =    {June},
  note =     {Available from {\texttt{ http:/\-/\-www.javaworld.com/\-jw-06-1999/\-jw-06-jiniology\\underlinep.html}}}
}
%------------------------------------------------------------
%------------------------------------------------------------
@InProceedings{folino:1999:ACGPAC,
  author =       {Gianluigi Folino and Clara Pizzuti and Giandomenico Spezzano},
  title =        {A Cellular Genetic Programming Approach to Classification},
  booktitle =    {Proceedings of the Genetic and Evolutionary Computation Conference},
  year =         {1999},
  editor =       {Wolfgang Banzhaf and Jason Daida and Agoston E. Eiben and Max H. Garzon and Vasant Honavar and Mark Jakiela and Robert E. Smith},
  volume =       {2},
  pages =        {1015--1020},
  address =      {Orlando, Florida, USA},
  publisher_address = {San Francisco, CA 94104, USA},
  month =        {13-17  July},
  publisher =    {Morgan Kaufmann},
  keywords =     {genetic programming and evolvable hardware},
  ISBN =         {1-55860-611-4},
  notes =        {GECCO-99 A joint meeting of the eighth international conference on genetic algorithms (ICGA-99) and the fourth annual genetic programming conference (GP-99)},
}
%------------------------------------------------------------
%------------------------------------------------------------
@Misc{SteppingStone,
  author =    {Jouni Aspi and Jaakko Lummi},
  title =     {PopGen},
  year =      {1995},
  note =      {Available from \texttt{http:/\-/\-cc.oulu.fi/\-~jaspi/\-popgen/\-models.htm}},
}

%------------------------------------------------------------

@Misc{MigrationModels,
  author =    {Mary Kuhner and Peter Beerli},
  title =     {Lecture Summary 26 January 2001: Migration},
  year =      {2001},
  note =      {Available from \texttt{http:/\-/\-depts.washington.edu/\-genetics/\-courses/\-genet453/\-2001/\-summaries/\-summary-jan26.html}},
}
%------------------------------------------------------------
%------------------------------------------------------------
@InProceedings{Pettey87,
  author =       {C. B. Pettey and M. R. Leuze and J.J. Grefenstette},
  booktitle =    {Proceedings of the Second International Conference on Genetic Algorithms and their application, ICGA},
  editor =       {John J. Grefenstette},
  publisher =    {Lawrence Erlbaum Associates Publishers},
  title =        {A Parallel Genetic Algorithm},
  year =         {1987},
  address =      {},
  }
%------------------------------------------------------------
%------------------------------------------------------------
@InProceedings{Cohoon87,
  author =       {J.P. Cohoon and S. U. Hegde and W.N. Martin and D Richards},
  title =        {Punctuated equilibria: a parallel algorithm},
  booktitle =    {Proceedings of the Second International Conference on Genetic Algorithms and their application, ICGA},
  editor =       {John J. Grefenstette},
  publisher =    {Lawrence Erlbaum Associates Publishers},
  year =         {1987}
}
%------------------------------------------------------------
%------------------------------------------------------------
@INPROCEEDINGS{Cohoon1991a,
CROSSREF = {Schwefel1991},
AUTHOR   = {J. P. Cohoon and W. N. Martin and D. S. Richards},
TITLE    = {Genetic Algorithms and Punctuated Equilibria in {V}{L}{S}{I}},
PAGES    = {134--144},
}
%------------------------------------------------------------
%------------------------------------------------------------
@InProceedings{Cohoon90,
  author =       {James P. Cohoon and Worthy N. Martin and Dana S. Richards},
  title =        {Genetic Algorithms and Punctuated Equilibria in VLSI},
  booktitle = {Parallel Problem Solving from Nature, 1st Workshop, PPSN I, Dortmund, FRG, October 1-3, 1990, Proceedings},
  editor    = {Hans-Paul Schwefel and Reinhard M\"{a}nner},
  pages =        {134-144},
  year  =        {1990},
  publisher =    {Springer-Verlag},
  isbn      = {3-540-54148-9},
}
%------------------------------------------------------------
%------------------------------------------------------------
@Article         {Tanese89Thesis,
        author = {R. Tanese},
         title = {Distributed Genetic Algorithms for Function Optimization},
       journal = {Ph.D. Thesis, Electrical Engineering and Computer Science Department, University of Michigan},
          year = 1989
}
%------------------------------------------------------------
%------------------------------------------------------------
@InProceedings{Tanese89,
  author =       {R. Tanese},
  title =        {Distributed Genetic Algorithms},
  booktitle =    {Proceedings of the Third International Conference on Genetic Algorithms and their application, ICGA},
  editor =       {J. D. Schaffer},
  publisher =    {Morgan Kaufman},
  address =      {San Mateo, CA},
  pages =        {264-270},
  year =         {1989}
}
%------------------------------------------------------------
@InProceedings{Muhlenbein91,
  author =       {H. Muhlenbein and M. Schomisch and J. Born},
  title =        {The parallel genetic algorithm as function optimizer},
  booktitle =    {Proceedings of the Fourth Intl. Conference on Genetic Algorithms},
  editor =       {R. Belew and L. Booker},
  publisher =    {Morgan Kaufman},
  address =      {Los Altos, CA},
  pages =        {45--52},
  year =         {1991},
}
%------------------------------------------------------------
%------------------------------------------------------------
@Article         {DeJong75,
        author = {K.A. De Jong},
         title = {An Analysis of the Behavior of a Class of Genetic Adaptive Systems},
       journal = {Ph.D. thesis, University of Michigan, Ann Arbor},
          year = 1975
}
%------------------------------------------------------------
@String{pub-ACM                 = {ACM Press}}
%------------------------------------------------------------
@InProceedings{nansgue:1997:ibGPp,
  author =       {Phaderm Nansgue and Susan E. Conry},
  title =        {Internet-Based Genetic Programming Platform},
  booktitle =    {Late Breaking Papers at the 1997 Genetic Programming
                 Conference},
  year =         {1997},
  editor =       {John R. Koza},
  pages =        {174--179},
  address =      {Stanford University, CA, USA},
  publisher_address = {Stanford University, Stanford, California,
                 94305-3079, USA},
  month =        {13--16  july},
  publisher =    {Stanford Bookstore},
  keywords =     {genetic algorithms, genetic programming, java},
  ISBN =         {0-18-206995-8},
  notes =        {GP-97LB The email address for the bookstore for mail
                 orders is mailorder@bookstore.stanford.edu Phone no
                 415-329-1217 or 800-533-2670},
}
%------------------------------------------------------------
%------------------------------------------------------------
@InProceedings{nangsue:1998:aomdpmEA,
  author =       {Phaderm Nangsue and Susan E. Conry},
  title =        {An Agent-Oriented, Massively Distributed
                 Parallelization Model of Evolutionary Algorithms},
  booktitle =    {Late Breaking Papers at the Genetic Programming 1998
                 Conference},
  year =         {1998},
  editor =       {John R. Koza},
  address =      {University of Wisconsin, Madison, Wisconsin, USA},
  publisher_address = {Stanford, CA, USA},
  month =        {22-25 july},
  publisher =    {Stanford University Bookstore},
  keywords =     {genetic algorithms, genetic programming},
  notes =        {GP-98LB},
}
%------------------------------------------------------------
%------------------------------------------------------------
@BOOK{HartlClark1997,
  author =       {Daniel L. Hartl  and Andrew G. Clark},
  title =        {Principles of Population Genetics  3RD},
  publisher =    {Sinauer Associates, Incorporated},
  year =         {1997},
  edition =      {3},
}
%------------------------------------------------------------
@INPROCEEDINGS{Bake87,
  author =       {Baker J. E.},
  title =        {Reducing Bias and Inefficiency in the Selection Algorithm},
  booktitle =    {Proceedings of the Second ICGA},
  year =         {1987},
  pages  =       {14-21},
  publisher =    {LEA publishers},
}
%------------------------------------------------------------
@Book{schwefel:1981:nocm,
  author = {Hans-Paul Schwefel},
  title = {Numerical optimization of Computer models},
  publisher = {John Wiley \& Sons, Ltd.},
  year = {1981},
  address = {Chichester}
}
%------------------------------------------------------------
%------------------------------------------------------------
@ARTICLE{Cotta98,
  author =       {C. Cotta and E. Alba and J.M. Troya},
  title =        {Un Estudio de la Potencia Computacional y de la Robustez de los Algoritmos Evolutivos Paralelos},
  journal =      {Inteligencia Artificial},
  year =         {1998},
  volume =       {5},
  pages =        {6-13},
}
%------------------------------------------------------------
%------------------------------------------------------------
@TECHREPORT{GALOPPS,
  author =       {Erik D. Goodman},
  title =        {An introduction to {GALOPPS} {the Genetic ALgorithm Optimized for Portability and Parallelism} system},
  institution =  {Michigan State University},
  year =         {1996},
  type =         {Technical Report},
}
%------------------------------------------------------------

%------------------------------------------------------------
@INPROCEEDINGS{DGENESIS,
  author =       {M. Mejía-Olvera and E. Cant{\'u}-Paz},
  title =        {DGENESIS-Software for the Execution of Distributed Genetic Algorithms},
  booktitle =    {Proceedings of the XX Conferencia Latinoamericana de Informática},
  year =         {1994},
  pages  =       {935-946},
  address =      {Monterrey, M\'{e}xico},
}
%------------------------------------------------------------
%------------------------------------------------------------
@ARTICLE{Potts94,
  author =       {J. C. Potts and T. D. Giddens and S. B. Yadav},
  title =        {The Development and Evaluation of an Improved Genetic Algorithm Based on Migration and Artificial Selection},
  journal =      {IEEE Transactions on Systems},
  year =         {1994},
  volume =       {1},
  number =       {24},
  pages =        {73-86},
  month =        {January},
}
%------------------------------------------------------------
%------------------------------------------------------------
@ARTICLE{Lin94,
  author =       {S. Lin and W. F. Punch and E. D. Goodman},
  title =        {Coarse-Grain Parallel Genetic Algorithms: Categorization and New Approach},
  journal =      {Parallel and Distributed Processing},
  year =         {1994},
  month =        {October},
}
%------------------------------------------------------------
%------------------------------------------------------------
@PHDTHESIS{Lozano96,
  author =       {M. Lozano},
  title =        {Application of Fuzzy Logic Based Techniques for Improving the Behavior of GAs with Floating Point Encoding},
  school =       {Departamento de Ciencias de la Computación e Inteligencia Artificial},
  year =         {1996},
  type =         {Ph.D},
  address =      {Granada},
  month =        {July},
}

%------------------------------------------------------------
%------------------------------------------------------------
@InProceedings{jj:jp2001,
  author =       {J. J. Merelo  and J.G. Castellano and P.A. Castillo and  G. Romero},
  title =        {Algoritmos Genéticos Distribuidos Usando SOAP},
  booktitle =    {Actas Jornadas de Paralelismo},
  pages =        {99-103},
  crossref =     {JP2001}
}
%------------------------------------------------------------
%------------------------------------------------------------
@InProceedings{SOAP-AEB02,
  author =       {J.J. Merelo and F.J.Castellano and P.A. Castillo},
  title =        {Algoritmos Evolutivos {P2P} usando {SOAP}},
  booktitle =    {Actas primer congreso Español algoritmos evolutivos, AEB\'02},
  pages =        {31-37},
  crossref =     {AEB02}
}
%------------------------------------------------------------
%------------------------------------------------------------
@Proceedings{JP2001,
  title =        {Actas XII Jornadas de Paralelismo},
  year =         2001,
  publisher =    {Universidad Polit\'{e}cnica de Valencia}
}

%------------------------------------------------------------

%------------------------------------------------------------
%------------------------------------------------------------
@Misc{SOAP:FAQ,
  author =       {Develop{M}entor},
  title =        {{SOAP Frequently Asked Questions}},
  howpublished = {Available from \texttt{http:/\-/\-www.develop.com/\-soap/\-soapfaq.htm}}
}
%------------------------------------------------------------
%------------------------------------------------------------

@Article         {Robertson,
        author = {G. G. Robertson},
         title = {Parallel implementation of genetic algorithm in a classifier system},
       journal = {In Schaffer j. D. Ed., Proceedings of the Second International Conference on Genetic Algorithms, pp. 140-147, Lawrence Erlbaum Associates (Hillsdale, NJ)},
          year = 1987
}

%------------------------------------------------------------
%------------------------------------------------------------
@Article         {ShapiroNavetta,
        author = {B. Shapiro and J. Navetta},
         title = {A massively parallel genetic algorithm for RNA secondary structure prediction},
       journal = {The Journal of Supercomputing, vol 8, p. 195-207},
          year = 1994,
}
%------------------------------------------------------------
%------------------------------------------------------------
@PHDTHESIS{Gruau94,
  author =       {Frederic Gruau},
  title =        {Neural Network Synthesis using Cellular Encoding and the Genetic Algorithms},
  school =       {Ecole Normale Supérieure de Lyon},
  year =         {1994},
  type =         {PHD Thesis},
  address =      {Lyon, France},
}

%------------------------------------------------------------
%------------------------------------------------------------
@INPROCEEDINGS{bianchini93,
  author =       {R. Bianchini and C. M. Brown},
  title =        {Parallel Genetic Algorithms on Distributed-Memory Architectures},
  booktitle =    {Proceedings of Transputers: Research and Applications},
  year =         {1993},
  editor =       {Extended version published},
  volume =       {TR 436},
  address =      {Department of Computer Science},
  month =        {May},
  organization = {University of Rochester},
}


%------------------------------------------------------------
%------------------------------------------------------------
@inproceedings{scott95hga,
    author = {Stephen D. Scott and Ashok Samal and Sharad C. Seth},
    title = {{HGA}: A Hardware-Based Genetic Algorithm},
    booktitle = {{FPGA}},
    pages = {53-59},
    year = {1995},
    url = {citeseer.nj.nec.com/\-scott94hga.html}
}

%------------------------------------------------------------
%------------------------------------------------------------
@misc{scott97hardware,
  author = {S. Scott and S. Sharad and S. Ashok},
  title = {A hardware engine for genetic algorithms},
  text = {S. D. Scott, S. Sharad, and S. Ashok. A hardware engine for genetic algorithms.
    Technical Report UNL-CSE-97-001, University of Nebraska-Lincon, June 1997.},
  year = {1997},
  url = {citeseer.nj.nec.com/\-scott97hardware.html}
}
%------------------------------------------------------------

%------------------------------------------------------------
@BOOK{fortran9x,
  author =       {Stephen J. Chapman},
  title =        {Fortran 90/\-95 for Scientists and Engineers},
  publisher =    {McGraw Hill Text},
  year =         {1997},
  volume =       {I},
}

%------------------------------------------------------------
%------------------------------------------------------------
@inproceedings{Vronay:93,
  AUTHOR = {D. Vronay and J. C. Spohrer},
  TITLE = {Pins, Grooves \& Sockets: A Direct Manipulation Interface to a Graphical Constraint System},
  YEAR = 1993,
  BOOKTITLE = {Adjunct Proceedings of the Conference on Human Factors in Computing Systems (INTERACT'93)},
  ADDRESS = {Amsterdam, The Netherlands},
  PAGES = {133-134},
  KEYWORDS = {ui}}


%------------------------------------------------------------
%------------------------------------------------------------
%------------------------------------------------------------
@InProceedings{GarciaArenas:2002:gecco,
  author =       {Maribel Garc{\'\i}a Arenas and Brad Dolin and Juan
                 Juli{\'a}n Merelo and Pedro Angel Castillo and Ignacio
                 Fern{\'a}ndez De Viana and Marc Schoenauer},
  title =        {{JEO}: Java Evolving Objects},
  booktitle =    {GECCO 2002: Proceedings of the Genetic and Evolutionary
                 Computation Conference},
  editor =       {W. B. Langdon and E. Cant{\'u}-Paz and K. Mathias and
                 R. Roy and D. Davis and R. Poli and K. Balakrishnan and
                 V. Honavar and G. Rudolph and J. Wegener and L. Bull
                 and M. A. Potter and A. C. Schultz and J. F. Miller and
                 E. Burke and N. Jonoska},
  year =         {2002},
  pages =        {991},
  address =      {New York},
  publisher_address = {San Francisco, CA 94104, USA},
  month  =   {9-13 July},
  publisher =    {Morgan Kaufmann Publishers},
  keywords =     {methodology, pedagogy, and philosophy, poster paper, distributed computing, island model, Java, network implementation, software},
  isbn   =   {1-55860-878-8},
  notes  =   {GECCO-2002.
          A joint meeting of the eleventh International Conference on
          Genetic Algorithms (ICGA-2002) and the seventh Annual Genetic
          Programming Conference (GP-2002)}
}
%------------------------------------------------------------
%------------------------------------------------------------
@InProceedings{GarciaArenas:2001:JP,
  author = {M.G. Arenas and L. Foucart and J. J. Merelo and P. A. Castillo},
  title =  {{JEO}: A Framework for Evolving Objects in Java},
  booktitle = {In XII Jornadas de Paralelismo},
  editor =  {Universidad Politécnica de Valencia},
  year =         {2001},
  pages =        {185-191},
  address =      {46071 Valencia},
  publisher_address = {Valencia},
  month  =   {September},
  publisher =  {REPROVAL, S.L.},
  keywords = {Parallel Evolutionary Computation},
  isbn   =   {84-9705-043-6},
  notes  =   {Jornadas de Paralelismo de Valencia},
}
%------------------------------------------------------------
@InProceedings{GarciaArenas:2002:AEB,
  author = {M.G Arenas and L. Foucart and M. Shoenauer and J.J. Merelo },
  title =  {Computación Evolutiva en Java: {JEO}},
  booktitle = {Actas del I Congreso Español de Algoritmos Evolutivos y Bioinspirados},
  editor =  {Universidad Mérida},
  year =         {2002},
  pages =        {46-53},
  address =      {Merida, Badajoz},
  month  =   {Febrery},
  keywords = {Parallel Evolutionary Computation},
  isbn   =   {84-607-3913-9},
  notes  =   {AEB'02},
}


%------------------------------------------------------------
%------------------------------------------------------------
@InProceedings{FToro:2001,
  author = {F.del Toro and A.F.Diaz and C.Gil and J.Ortega},
  title =  {{AGEMM}: Optimizacion multimodal paralela con algoritmos genéticos},
  booktitle = {Actas de las XII Jornadas de Paralelismo},
  editor =  {Universidad Politécnica de Valencia},
  year =         {2001},
  pages =        {217-222},
  address =      {Valencia},
  month  =   {Septiembre},
  keywords = {Parallel Gobal Evolutionary Computation},
  isbn   =   {84-9705-043-6},
  notes  =   {Jornadas XII},
}

%------------------------------------------------------------
@PROCEEDINGS{AEB02,
  TITLE =        "Actas primer congreso Español algoritmos evolutivos, AEB\'02",
  YEAR =         "2002",
  editor =       "E. Alba; F. Fernández; J. A. Gómez; F. Herrera; J. I. Hidalgo; J. J. Merelo; J. M. Sánchez",
  publisher =    "Universidad de Extremadura",
  address =      "Mérida, Spain",
  month =        "Febrero",
  isbn =         "94-607-3913-9",
  file = F
}
%------------------------------------------------------------
%------------------------------------------------------------
@proceedings{PPSN02,
   title     = {Proceedings of the Seventh Conference on Parallel Problem Solving from Nature},
   year      = {2002},
   month     = {September 7-11},
   editor    = {J. J. Merelo and P. Adamidis and H. Beyer and JL. Fernández-Villacañas},
   publisher = {Springer-Verlag},
   address   = {Granada, Spain},
   volume    = {2439},
   series    = {Lecture Notes in Computer Science}
}
%------------------------------------------------------------
