@book{darwin1859,
  address = {London},
  author = {Darwin, Charles},
  priority = {2},
  publisher = {Murray},
  timestamp = {2008-05-27T04:02:47.000+0200},
  title = {On the Origin of Species by Means of Natural Selection},
  year = 1859
}

@book{GP_Koza92,
    author  = {J. R. Koza},
    title   = {Genetic Programming: On the programming of computers by means of natural selection},
    publisher   = {MIT Press},
    year    = 1992,
    address = {Cambridge, MA},
}

@book{GAs_Michalewicz96,
	title = {Genetic Algorithms + Data Structures = Evolution Programs},
	author = {Zbigniew Michalewicz},
	publisher = {Springer},
	edition= "Third",
	year = {1996}
}

@book{GAs_Goldberg89,
  author = 	 "David E. Goldberg",
  title = 	 "Genetic Algorithms in search, optimization and
		  machine learning",
  publisher = 	 "Addison Wesley",
  year = 	 1989
}

@inproceedings{Genitor_whitley,
  added-at = {2008-02-26T11:58:58.000+0100},
  author = {Whitley, Darrell and Kauth, Joan},
  biburl = {http://www.bibsonomy.org/bibtex/29a0dbd2f7b4d86821e7448581ffe4cbc/schaul},
  booktitle = {Proceedings of the 1988 Rocky Mountain Conference on Artificial Intelligence},
  citeulike-article-id = {2379756},
  description = {idsia},
  interhash = {3192acc12cc04b71f42e764c9bc3a89a},
  intrahash = {9a0dbd2f7b4d86821e7448581ffe4cbc},
  keywords = {nn},
  organization = {Computer Science Department, Colorado State University},
  pages = {118--130},
  priority = {2},
  timestamp = {2008-02-26T11:58:58.000+0100},
  title = {{GENITOR}: {A} Different Genetic Algorithm},
  year = 1988
}



@BOOK{FSM_Booth,
	AUTHOR       = "Taylor L. Booth",
	TITLE        = "Sequential Machines and Automata Theory",
	PUBLISHER    = "John Wiley and Sons, Inc.",
	YEAR         = "1967",
	ADDRESS      = "New York",
	EDITION      = "1st"
}

@article{laird2001using,
  title={{Using a computer game to develop advanced AI}},
  author={J. E. Laird},
  journal={Computer},
  pages={70--75},
  year={2001},
  publisher={IEEE Computer Society}
}

@INPROCEEDINGS{Agent_Smith_CEC2009,
title={Agent {S}mith: Towards an evolutionary rule-based agent for interactive dynamic games},
author={R. Small and C. Bates-Congdon},
booktitle={Evolutionary Computation, 2009. CEC '09. IEEE Congress on},
year={2009},
month={May},
pages={660-666},
doi={10.1109/CEC.2009.4983008},
ISSN={}, }

@INPROCEEDINGS{Human-Agents_06,
title={Evolution of Human-Competitive Agents in Modern Computer Games},
author={Steffen Priesterjahn and Oliver Kramer and Alexander Weimer and Andreas Goebels},
booktitle={Congress on Computational Intelligence 2006. CEC'06. IEEE Congress on},
year={2006},
pages={777-784}
}

@article{NN_FPS_IEICE2006,
 author = {Cho, Byeong Heon and Jung, Sung Hoon and Seong, Yeong Rak and Oh, Ha Ryoung},
 title = {Exploiting Intelligence in Fighting Action Games Using Neural Networks},
 journal = {IEICE - Trans. Inf. Syst.},
 volume = {E89-D},
 number = {3},
 year = {2006},
 issn = {0916-8532},
 pages = {1249--1256},
 doi = {http://dx.doi.org/10.1093/ietisy/e89-d.3.1249},
 publisher = {Oxford University Press},
 address = {Oxford, UK},
 }

@INPROCEEDINGS{NN_botshumans_IJCNN2008,
title={Bots trained to play like a human are more fun},
author={Soni, B. and Hingston, P.},
booktitle={Neural Networks, 2008. IJCNN 2008. (IEEE World Congress on Computational Intelligence). IEEE International Joint Conference on},
year={2008},
month={June},
volume={},
number={},
pages={363-369},
doi={10.1109/IJCNN.2008.4633818},
ISSN={1098-7576}}

@InProceedings{Mora-Evo2010,
  author    = {Antonio Miguel Mora and
               Ram{\'o}n Montoya and
               Juan Juli{\'a}n Merelo Guerv{\'o}s and
               Pablo Garc\'{\i}a-S{\'a}nchez and
               Pedro A. Castillo and
               Juan Lu\'{\i}s Jim{\'e}nez Laredo and
               Ana Isabel Mart\'{\i}nez Garc\'{\i}a and
               Anna Esparcia-Alc{\'a}zar},
  title     = {Evolving Bot AI in Unreal$^{\mbox{TM}}$},
  booktitle     = {Applications of Evolutionary Computation, EvoApplicatons
               2010: EvoCOMPLEX, EvoGAMES, EvoIASP, EvoINTELLIGENCE, EvoNUM,
               and EvoSTOC, Istanbul, Turkey, April 7-9, 2010, Proceedings,
               Part I},
  year      = {2010},
  publisher = {Springer},
  series    = {Lecture Notes in Computer Science},
  volume    = {6024},
  pages     = {171-180},
}


@inproceedings{EvolFFSM_gecco2010,
  author    = {Anna Isabel Esparcia-Alc{\'a}zar and
               Ana\'{\i}s Mart\'{\i}nez-Garc\'{\i}a and
               Antonio Miguel Mora and
               Juan Juli{\'a}n Merelo Guerv{\'o}s and
               Pablo Garc\'{\i}a-S{\'a}nchez},
  title     = {Genetic evolution of fuzzy finite state machines to control
               bots in a first-person shooter game},
  booktitle = {GECCO},
  year      = {2010},
  pages     = {829-830},
  ee        = {http://doi.acm.org/10.1145/1830483.1830633},
  crossref  = {gecco2010}
}

@proceedings{gecco2010,
  editor    = {Martin Pelikan and
               J{\"u}rgen Branke},
  title     = {Genetic and Evolutionary Computation Conference, GECCO 2010,
               Proceedings, Portland, Oregon, USA, July 7-11, 2010},
  booktitle = {GECCO},
  publisher = {ACM},
  year      = {2010},
  isbn      = {978-1-4503-0072-5}
}

@inproceedings{ControllingBot_CEC2010,
  author    = {Anna Isabel Esparcia-Alc{\'a}zar and
               Ana Isabel Mart\'{\i}nez Garc\'{\i}a and
               Antonio Mora and
               Juan Juli{\'a}n Merelo Guerv{\'o}s and
               Pablo Garc\'{\i}a-S{\'a}nchez},
  title     = {Controlling bots in a First Person Shooter game using genetic
               algorithms},
  booktitle = {IEEE Congress on Evolutionary Computation},
  year      = {2010},
  pages     = {1-8},
  ee        = {http://dx.doi.org/10.1109/CEC.2010.5586059},
  crossref  = {cec2010}
}

@proceedings{cec2010,
  title     = {Proceedings of the IEEE Congress on Evolutionary Computation,
               CEC 2010, Barcelona, Spain, 18-23 July 2010},
  booktitle = {IEEE Congress on Evolutionary Computation},
  publisher = {IEEE},
  year      = {2010}
}

@INPROCEEDINGS{cooperativebots_CIG2010,
    title={Evolving the Cooperative Behaviour in {Unreal}\texttrademark~ Bots},
    author={Antonio Miguel Mora and  Miguel Ángel Moreno and Juan Julián Merelo and  Pedro Angel Castillo and Maria Isabel García Arenas and Juan Luís Jiménez Laredo},
    booktitle={Computational Intelligence and Games, 2010. CIG 2010. IEEE Symposium On},
    year={2010},
    month={August},
    editor={Georgios N. Yannakakis and Julian Togelius},
    volume={},
    number={},
    pages={241-248}
}

@INPROCEEDINGS{schrummiikkuCIG09,
    title={Evolving Multi-modal Behavior in {NPC}s},
    author={Jacob Schrum and Risto Miikkulainen},
    booktitle={Computational Intelligence and Games, 2009. CIG 2009. IEEE Symposium On},
    year={2009},
    month={Sept.},
    volume={},
    number={},
    pages={325-332},
    doi={ },
    ISSN={} }

@INPROCEEDINGS{colomiCEC2004,
title={Using a genetic algorithm to tune first-person shooter bots},
author={Cole, N. and Louis, S.J. and Miles, C.},
booktitle={Evolutionary Computation, 2004. CEC2004. Congress on},
year={2004},
month={June},
volume={1},
number={},
pages={ 139-145 Vol.1},
doi={10.1109/CEC.2004.1330849},
ISSN={ }, }

@INPROCEEDINGS{mcpargalCIG2008,
title={Creating a multi-purpose first person shooter bot with reinforcement learning},
author={McPartland, M. and Gallagher, M.},
booktitle={Computational Intelligence and Games, 2008. CIG '08. IEEE Symposium On},
year={2008},
month={Dec.},
volume={},
number={},
pages={143-150},
doi={10.1109/CIG.2008.5035633},
ISSN={}, }

@inproceedings{hongchoCIG2005,
  author    = {Jin-Hyuk Hong and
               Sung-Bae Cho},
  title     = {Evolving Reactive {NPC}s for the Real-Time Simulation Game},
  booktitle = {Proceedings of the 2005 IEEE Symposium on Computational
               Intelligence and Games (CIG05)},
  location = {  Essex University, Colchester, Essex, UK},
  month = {4-6 April},
  year      = {2005}
}

@BOOK{emergence_in_games2008,
  AUTHOR =       {Sweetser, Penny},
  TITLE =        {Emergence in Games},
  PUBLISHER =    {Charles River Media},
  YEAR =         {2008},
  series =       {Game development},
  address =      {Boston, Massachussetts}
}


@Article         {falke2003,
        author = {W.J. Falke-II and P. Ross},
         title = {{Dynamic Strategies in a Real-Time Strategy Game}},
       journal = {E. Cantu-Paz et al. (Eds.): GECCO 2003, LNCS 2724, pp. 1920-1921, Springer-Verlag Berlin Heidelberg},
          year = 2003
}
@Article         {buro2003,
        author = {M. Buro},
         title = {{ORTS: A hack-free RTS game environment}},
       journal = {CG2002. LNCS2883. pp.280-291. J. Schaeffer et al (Eds.). Springer-Verlag Berlin Heidelberg},
          year = 2003
}

@INPROCEEDINGS{AI-RTS-2004,
  AUTHOR =       {Buro, M.},
  TITLE =        {Call for {AI} Research in {RTS} Games},
  BOOKTITLE =    {AAAI workshop on Challenges in Game AI},
  YEAR =         {2004},
  editor =       {D. Fu and J. Orkin},
  pages =        {139-141},
  address =      {San Jose},
  month =        {July}
}

@CONFERENCE{beume_cig2008,
  authors =       {Nicola Beume and Tobias Hein and Boris Naujoks and Nico Piatkowski and Mike Preuss and Simon Wessing},
author =       {Nicola Beume and others},
  title =        {Intelligent Anti-Grouping in Real-Time Strategy Games},
  booktitle =    {International Symposium on Computational Intelligence in Games},
  year =         {2008\vspace{-1mm}},
  pages =        {63-70},
  editor =       {IEEE Press},
  address =      {Perth, Australia}
}

@CONFERENCE{keaveney_cig2009,
  author =       {David Keaveney and Colm O\'Riordan},
  title =        {Evolving Robust Strategies for an Abstract Real-Time Strategy Game},
  booktitle =    {International Symposium on Computational Intelligence in Games},
  year =         {2009\vspace{-1mm}},
  pages =        {371-378},
  editor =       {IEEE Press},
  address =      {Milano. Italy}
}


@CONFERENCE{co-evol-rts2006,
  author =       {C. Miles and S. J. Louis},
  title =        {Co-evolving real-time strategy game playing influence map trees with genetic algorithms},
  booktitle =    {International Congress on Evolutionary Computation},
  year =         {2006\vspace{-1mm}},
  editor =       {IEEE Press},
  address =      {Portland, Oregon}
}

@inproceedings{HagelbackJ09,
  author    = {Johan Hagelb{\"a}ck and
               Stefan J. Johansson},
  title     = {A Multi-Agent Potential Field-based Bot for a Full {RTS} Game
               Scenario},
  booktitle = {AIIDE},
  year      = {2009\vspace{-1mm}},
  crossref  = {DBLP:conf/aiide/2009},
  bibsource = {DBLP, http://dblp.uni-trier.de}
}

@ARTICLE{offline-evolutionary-learning,
  author =       {P. Spronck and I. {Sprinkhuizen-Kuyper} and E. Postma},
  title =        {Improving Opponent Intelligence through Offline Evolutionary Learning},
  journal =      {International Journal of Intelligent  Games \& Simulation},
  year =         {2003},
  volume =       {2},
  number =       {1},
  pages =        {20-27},
  month =        {February}
}



@incollection {ontanon2007,
   author = {Ontanon, Santiago and Mishra, Kinshuk and Sugandh, Neha and Ram, Ashwin},
   affiliation = {CCL, Cognitive Computing Lab, Georgia Institute of Technology, Atlanta, GA 303322/0280},
   title = {Case-Based Planning and Execution for Real-Time Strategy Games},
   booktitle = {Case-Based Reasoning Research and Development},
   series = {Lecture Notes in Computer Science},
   editor = {Weber, Rosina and Richter, Michael},
   publisher = {Springer Berlin / Heidelberg},
   isbn = {},
   pages = {164-178},
   volume = {4626},
   year = {2007}
}
@Article         {webGAIC,
        author = {Google},
         title = {{Google AI Challenge 2010}},
       journal = {http://ai-contest.com},
          year = 2010
}
@Article         {webGALCON,
        author = {Galcon},
         title = {{Planet Wars}},
       journal = {http://www.galcon.com/flash/},
          year = 2010
}
@Article         {webDOOM,
        author = {ID Software},
         title = {{DOOM, video game}},
       journal = {http://en.wikipedia.org/wiki/Doom\_(video\_game)},
          year = 1993
}
@ARTICLE{Herrera03ataxonomy, 
author = {F. Herrera and M. Lozano and A. M. Sánchez}, 
title = {A taxonomy for the crossover operator for real-coded genetic algorithms: An experimental study}, 
journal = {International Journal of Intelligent Systems}, 
year = {2003}, 
volume = {18}, 
pages = {309--338} 
}
@Book{EvoCompII, 
title = {Evolutionary Computation 2: Advanced Algorithms and Operations}, 
publisher = {Taylor and Francis; 1st edition}, 
year = {2000}, 
editor = {Thomas Back and D. B. Fogel and Z. Michalewicz}, 
edition = {1}, 
isbn = {978-0750306652}, 
} 
@Book{EvoCompI, 
title = {Evolutionary Computation 1: Basic Algorithms and Operators}, 
publisher = {Taylor and Francis; 1st edition}, 
year = {2000}, 
editor = {Thomas Back and D. B. Fogel and Z. Michalewicz}, 
edition = {1}, 
isbn = {978-0750306645}, 
} 

@Book{EAs_Back96,
  author =    "T. Back",
  title =     "Evolutionary algorithms in theory and practice",
  publisher = "Oxford University Press",
  year =      1996
}

@Book{Michalewicz92,
  author =    "Z. Michalewicz",
  title =     "Genetic Algorithms + Data Structures = Evolution Programs",
  publisher = "Springer-Verlag",
  year =      1992
}

@Book{Michalewicz96,
  author =    "Z. Michalewicz",
  title =     "Genetic Algorithms + Data Structures = Evolution
		  Programs , Third, Extended Edition",
  publisher = "Springer-Verlag",
  year =      1996
}


@Book{MelanieMitchell98,
  author =    "Melanie Mitchell",
  title =     "An Introduction to Genetic Algorithms (Complex Adaptive Systems) ",
  publisher = "The MIT Press",
  isbn = "978-0262631853",
  year =      1998
}
@Book{Michalewicz2004,
  author =    "Z. Michalewicz and D.B. Fogel",
  title =     "How to Solve It: Modern Heuristics",
  edition= "2",
  publisher = "Springer-Verlag",
  isbn = "978-3540660613",
  year =      2004
}

 @misc{wiki:galcon,
   author = "Wikipedia",
   title = "Galcon --- {Wikipedia{,} The Free Encyclopedia}",
   year = "2010",
   url = "http://en.wikipedia.org/w/index.php?title=Galcon&oldid=399245028"
 }


@article{weberreactive,
  title={{Reactive Planning Idioms for Multi-Scale Game AI}},
  author={Weber, B. and Mawhorter, P. and Mateas, M. and Jhala, A.},
booktitle={Proceedings of the 2010 IEEE Congress on Evolutionary Computation},
year = 2010
}

@conference{hagelbäck2008using,
  title={{Using multi-agent potential fields in real-time strategy games}},
  author={Hagelb{\\"a}ck, J. and Johansson, S.J.},
  booktitle={Proceedings of the 7th international joint conference on Autonomous agents and multiagent systems-Volume 2},
  pages={631--638},
  year={2008},
  organization={International Foundation for Autonomous Agents and Multiagent Systems}
}

@conference{buro2003real,
  title={{Real-time strategy gaines: a new AI research challenge}},
  author={Buro, M.},
  booktitle={Proceedings of the 18th international joint conference on Artificial intelligence},
  pages={1534--1535},
  year={2003},
  organization={Citeseer}
}

@article{lucas2008computational,
  title={{Computational intelligence and games: Challenges and opportunities}},
  author={Lucas, S.M.},
  journal={International Journal of Automation and Computing},
  volume={5},
  number={1},
  pages={45--57},
  issn={1476-8186},
  year={2008},
  publisher={Springer}
}

@BOOK{ahlquist_game_ai08,
  AUTHOR =       {John B. Ahlquist and Jeannie Novak},
  TITLE =        {Game Artificial Intelligence},
  PUBLISHER =    {Thompson Learning},
  YEAR =         {2008},
  series =       {Game Development Essentials},
  address =      {Canada}
}

@INPROCEEDINGS{artifical-stupidity-game-wisdom2-2004,
  author        =      {L. Lid\'{e}n},
  title         =      {Artificial Stupidity: The Art of Intentional Mistakes},
  booktitle     =      {AI Game Programming Wisdom 2},
  publisher     =      {Charles River Media, INC.},
  pages         =      "41-48",
  year          =      "2004\vspace{-1mm}"
}

@proceedings{DBLP:conf/aiide/2009,
  editor    = {Christian Darken and
               G. Michael Youngblood},
  title     = {Proceedings of the Fifth Artificial Intelligence and Interactive
               Digital Entertainment Conference, AIIDE 2009, October 14-16,
               2009, Stanford, California, USA},
  booktitle = {AIIDE},
  publisher = {The AAAI Press},
  year      = {2009},
  isbn      = {978-1-57735-431-4},
  bibsource = {DBLP, http://dblp.uni-trier.de}
}


@INPROCEEDINGS{Togelius_SuperMario,
	AUTHOR       = "Julian Togelius and Sergey Karakovskiy and Jan Koutnik and Jürgen Schmidhuber",
	TITLE        = "Super Mario Evolution",
	BOOKTITLE    = "Proceedings of the 5th IEEE Symposium on Computational Intelligence and Games (CIG'09)",
	YEAR         = "2009",
	PUBLISHER    = "IEEE Press",
	ADDRESS      = "Piscataway, NJ, USA"
}

@INPROCEEDINGS{Pac-MAnt_CIG2010,
    title={Pac-mAnt: Optimization Based on Ant Colonies Applied to Developing an Agent for Ms. Pac-Man},
    author={Emilio Martín and Moisés Martínez and Gustavo Recio and Yago Saez},
    booktitle={Computational Intelligence and Games, 2010. CIG 2010. IEEE Symposium On},
    year={2010},
    month={August},
    editor={Georgios N. Yannakakis and Julian Togelius},
    pages={458-464}
}

@INPROCEEDINGS{CarRacing_Pelta09,
	AUTHOR       = "Enrique Onieva and David A. Pelta and Javier Alonso and Vicente Milanés and Joshué Pérez",
	TITLE        = "A Modular Parametric Architecture for the TORCS Racing Engine",
	BOOKTITLE    = "Proceedings of the 5th IEEE Symposium on Computational Intelligence and Games (CIG'09)",
	YEAR         = "2009",
	PAGES        = "256--262",
	PUBLISHER    = "IEEE Press",
	ADDRESS      = "Piscataway, NJ, USA"
}

@ARTICLE{Ponsen_EvLearn_RTS,
	AUTHOR       = "M. Ponsen and H. Munoz-Avila and P. Spronck and D. W. Aha",
	TITLE        = "Automatically Generating Game Tactics through Evolutionary Learning",
	JOURNAL      = "AI Magazine",
	YEAR         = "2006",
	VOLUME       = "27",
	NUMBER       = "3",
	PAGES        = "75-84"
}

@INPROCEEDINGS{Su-EAs_StrategySel09,
	AUTHOR       = "Su-Hyung Jang and Jong-Won Yoon and Sung-Bae Cho",
	TITLE        = "Optimal strategy selection of non-player character on real time strategy game using a speciated evolutionary algorithm",
	BOOKTITLE    = "Proceedings of the 5th IEEE Symposium on Computational Intelligence and Games (CIG'09)",
	YEAR         = "2009",
	PAGES        = "75--79",
	PUBLISHER    = "IEEE Press",
	ADDRESS      = "Piscataway, NJ, USA"
}
	
@article{EIBEN2011,
title = "Parameter tuning for configuring and analyzing evolutionary algorithms",
journal = "Swarm and Evolutionary Computation",
volume = "In Press, Corrected Proof",
number = "",
pages = " - ",
year = "2011",
issn = "2210-6502",
doi = "DOI: 10.1016/j.swevo.2011.02.001",
author = "A.E. Eiben and S.K. Smit",
}

@INPROCEEDINGS{Genebot-IWANN2011,
	AUTHOR       = "Antonio Fernández-Ares and Antonio Miguel Mora and Juan Julian Merelo and Pablo García-Sánchez and Carlos Miguel Fernandes",
	TITLE        = "Optimizing strategy parameters in a game bot",
	BOOKTITLE    = "Proc. 11th International Work-Conference on Artificial Neural Networks, IWANN 2011",
	YEAR         = "2011",
	PAGES        = "325--332",
	PUBLISHER    = "Springer, LNCS, vol. 6692",
	MONTH        = "June"
}




@INPROCEEDINGS{Genebot_CEC11,
title={Optimizing player behavior in a real-time strategy game using evolutionary algorithms},
author={Antonio Fernández-Ares and Antonio Miguel Mora and Juan Julian Merelo and Pablo García-Sánchez and Carlos Fernandes},
booktitle={Evolutionary Computation, 2011. CEC '11. IEEE Congress on},
year={2011},
month={June},
pages={2017--2024}
}



@INPROCEEDINGS{genebot-evo12,
	AUTHOR       = "Antonio Miguel Mora and Antonio Fernández-Ares and Juan Julian Merelo and Pablo García-Sánchez",
	TITLE        = "Dealing with noisy fitness in the design of a {RTS} game bot",
	BOOKTITLE    = "Proc. Applications of Evolutionary Computing: EvoApplications 2012",
	YEAR         = "2012",
	PAGES        = "234--244",
	PUBLISHER    = "Springer, LNCS, vol. 7248",
	MONTH        = "April"
}



@inproceedings{Genebot_CIG2012,
  author    = {Antonio Fern{\'a}ndez-Ares and
               Pablo Garc\'{\i}a-S{\'a}nchez and
               Antonio Miguel Mora and
               Juan J. Merelo Guerv{\'o}s},
  title     = {Adaptive bots for real-time strategy games via map characterization},
  booktitle = {2012 IEEE Conference on Computational Intelligence and Games,
               CIG 2012},
  publisher = {IEEE},
  year      = {2012},
  pages     = {417--721}
}

@ARTICLE{Genebot_JCST,
  author = {A.M. Mora and A. Fernández-Ares and J.J. Merelo Guervós and P. Garcí­a-Sánchez
	and C.M. Fernandes},
  title = {Effect of Noisy Fitness in Real-Time Strategy Games Player Behaviour
	Optimisation Using Evolutionary Algorithms},
  journal = {Journal of Computer Science and Technology},
  year = {2012},
  volume = {27(5)},
  pages = {1007--1023},
}

% Building Human-Level AI for Real-Time Strategy Games

@INPROCEEDINGS {weber2011-humanlevelAI,
	title = {Building Human-Level AI for Real-Time Strategy Games},
	author = {Ben G. Weber and Michael Mateas and Arnav Jhala},
	booktitle = {Proceedings of the AAAI Fall Symposium on Advances in Cognitive Systems},
	year = {2011},
	publisher = {AAAI Press}
}

% Goal-driven in Starcraft

@INPROCEEDINGS {weber2010-goaldriven-starcraft,
	title = {Applying Goal-Driven Autonomy to StarCraft},
author = {Ben G. Weber and Michael Mateas and Arnav Jhala},
	booktitle = {Artificial Intelligence and Interactive Digital Entertainment (AIIDE)},
	year = {2010}
}

% Multi-agent potential field

@article{Hagelback-2009-multiagentRTS,
 author = {Johan Hagelb\"{a}ck and Stefan J. Johansson},
 title = {A multiagent potential field-based bot for real-time strategy games},
 journal = {Int. J. Comput. Games Technol.},
 issue_date = {January 2009},
 volume = {2009},
 month = {January},
 year = {2009},
 pages = {4:1--4:10},
 publisher = {Hindawi Publishing Corp.},
 address = {New York, NY, United States},
} 

% Civilization IV

@inproceedings{Spronck-CivilizationIV,
  author    = {Pieter Spronck and Freek den Teuling},
  title     = {Player Modeling in Civilization IV},
  booktitle = {AIIDE},
  year      = {2010},
  crossref  = {aiide2010}
}

@proceedings{aiide2010,
  editor    = {G. Michael Youngblood and
               Vadim Bulitko},
  title     = {Proceedings of the Sixth AAAI Conference on Artificial Intelligence and Interactive Digital Entertainment, AIIDE 2010},
  booktitle = {AIIDE},
  publisher = {The AAAI Press},
  year      = {2010}
}

% Intelligent moving of groups in RTS

@inproceedings{Danielsiek-movinggroups,
  author    = {Holger Danielsiek and
               Raphael St{\"u}r and
               Andreas Thom and
               Nicola Beume and
               Boris Naujoks and
               Mike Preuss},
  title     = {Intelligent moving of groups in real-time strategy games},
  booktitle = {CIG},
  year      = {2008},
  pages     = {71-78},
  crossref  = {cig2008}
}

@proceedings{cig2008,
  editor    = {Philip Hingston and
               Luigi Barone},
  title     = {Proceedings of the 2008 IEEE Symposium on Computational
               Intelligence and Games, CIG 2009},
  booktitle = {CIG},
  publisher = {IEEE},
  year      = {2008}
}

% espacio de búsqueda enorme en RTS

@INPROCEEDINGS{Aha05learningtowin,
    author = {David W. Aha and Matthew Molineaux and Marc Ponsen},
    title = {Learning to win: Case-based plan selection in a real-time strategy game},
    booktitle = {in Proceedings of the Sixth International Conference on Case-Based Reasoning},
    year = {2005},
    pages = {5--20},
    publisher = {Springer}
}

% Baumgarten et al. (2009) present an RTS agent that uses case-based reasoning,simulated annealing, and decision tree learning

@article{Baumgarten-combiningAImethods,
  author = {Robin Baumgarten and Simon Colton and Mark Morris},
  journal = {Int. J. Computer Games Technology},
  title = {Combining AI Methods for Learning Bots in a Real-Time Strategy Game.},
  volume = 2009,
  year = 2009
}


% árboles de decisión

@inproceedings{Palma-behaviortrees,
  author = {Ricardo Palma and Pedro A. González-Calero and Marco Antonio Gómez-Martín and Pedro Pablo Gómez-Martín},
  editor = {Murray, R. Charles and McCarthy, Philip M.},
  booktitle = {FLAIRS Conference},
  publisher = {AAAI Press},
  title = {Extending Case-Based Planning with Behavior Trees.},
  year = 2011
}

% Multi-objective RTS (Starcraft)

@inproceedings{Togelius-MO-Starcraft,
  author    = {Julian Togelius and
               Mike Preuss and
               Nicola Beume and
               Simon Wessing and
               Johan Hagelb{\"a}ck and
               Georgios N. Yannakakis},
  title     = {Multiobjective exploration of the StarCraft map space},
  booktitle = {CIG},
  year      = {2010},
  pages     = {265-272},
  crossref  = {cig2010}
}

@proceedings{cig2010,
  editor    = {Georgios N. Yannakakis and
               Julian Togelius},
  title     = {Proceedings of the 2010 IEEE Conference on Computational
               Intelligence and Games, CIG 2010, Copenhagen, Denmark, 18-21
               August, 2010},
  booktitle = {CIG},
  publisher = {IEEE},
  year      = {2010}
}

@ARTICLE{Coevolution95,
	AUTHOR       = "J. Paredis",
	TITLE        = "Coevolutionary computation",
	JOURNAL      = "Artificial Life",
	YEAR         = "1995",
	VOLUME       = "2",
	NUMBER       = "",
	PAGES        = "355--375",
	MONTH        = "",
	NOTE         = ""
}



@article{Mora_noisy_jcst,
  author    = {Antonio Miguel Mora and
               Antonio Fern{\'a}ndez-Ares and
               Juan J. Merelo Guerv{\'o}s and
               Pablo Garc\'{\i}a-S{\'a}nchez and
               Carlos M. Fernandes},
  title     = {Effect of Noisy Fitness in Real-Time Strategy Games Player
               Behaviour Optimisation Using Evolutionary Algorithms},
  journal   = {J. Comput. Sci. Technol.},
  volume    = {27},
  number    = {5},
  year      = {2012},
  pages     = {1007-1023}
}

% ----------------------- COEVOLUTION ----------------------------

@article{Rosin_competitive_coevolution,
 author = {Rosin, Christopher D. and Belew, Richard K.},
 title = {New methods for competitive coevolution},
 journal = {Evol. Comput.},
 issue_date = {Spring 1997},
 volume = {5},
 number = {1},
 month = mar,
 year = {1997},
 issn = {1063-6560},
 pages = {1--29},
 numpages = {29},
 url = {http://dx.doi.org/10.1162/evco.1997.5.1.1},
 doi = {10.1162/evco.1997.5.1.1},
 acmid = {1326738},
 publisher = {MIT Press},
 address = {Cambridge, MA, USA},
 keywords = {Genetic algorithms, fitness sharing, game learning, host/parasite},
} 


@article{Paredis_CEA,
 author = {Paredis, Jan},
 title = {Coevolutionary computation},
 journal = {Artif. Life},
 issue_date = {Summer 1995},
 volume = {2},
 number = {4},
 month = aug,
 year = {1995},
 issn = {1064-5462},
 pages = {355--375},
 numpages = {21},
 url = {http://dx.doi.org/10.1162/artl.1995.2.355},
 doi = {10.1162/artl.1995.2.355},
 acmid = {246562},
 publisher = {MIT Press},
 address = {Cambridge, MA, USA},
 keywords = {arms races, coevolution, constraint satisfaction, epistasis, genetic algorithms, life-time fitness evaluation, neural networks, predator-prey relations, symbiosis},
} 

@incollection{Potter_cooperative_coevolution,
year={1994},
isbn={978-3-540-58484-1},
booktitle={Parallel Problem Solving from Nature - PPSN III},
volume={866},
series={Lecture Notes in Computer Science},
editor={Davidor, Yuval and Schwefel, Hans-Paul and Männer, Reinhard},
doi={10.1007/3-540-58484-6_269},
title={A cooperative coevolutionary approach to function optimization},
url={http://dx.doi.org/10.1007/3-540-58484-6_269},
publisher={Springer Berlin Heidelberg},
author={Potter, MitchellA. and Jong, KennethA.},
pages={249-257}
}

% ------------------------- CO-EVOLUTION in GAMES ------------------------------

@ARTICLE{Pollack_Backgammon98,
	AUTHOR       = "J. B. Pollack and A. D. Blair",
	TITLE        = "Co-evolution in the successful learning of backgammon strategy",
	JOURNAL      = "Machine Learning",
	YEAR         = "1998",
	VOLUME       = "32",
	PAGES        = "225--240"
}

@ARTICLE{Runarsson_Go2005,
	AUTHOR       = "T. P. Runarsson and S. M. Lucas",
	TITLE        = "Co-evolution versus self-play temporal difference learning for acquiring position evaluation in smallboard go",
	JOURNAL      = "IEEE Transactions on Evolutionary Computation",
	YEAR         = "2005",
	VOLUME       = "9",
	NUMBER       = "6",
	PAGES        = "628--640"
}

@INPROCEEDINGS{Togelius_Cars2007,
	AUTHOR       = "J. Togelius and P. Burrow and S. M. Lucas",
	TITLE        = "Multi-population competitive co-evolution of car racing controllers",
	BOOKTITLE    = "Proceedings of the IEEE Congress on Evolutionary Computation (CEC)",
	YEAR         = "2007",
	PAGES        = "4043--4050"
}


@inproceedings{Livinstone_RTS2005,
  author    = {Daniel Livingstone},
  title     = {Coevolution in Hierarchical AI for Strategy Games},
  booktitle = {IEEE Symposium on Computational Intelligence and Games (CIG'05)},
  year      = {2005},
  publisher = {IEEE}
}

@inproceedings{Thompson_Poker2008,
  author    = {Thomas Thompson and John Levine and Russell Wotherspoon},
  title     = {Evolution of counter-strategies: Application of co-evolution to Texas Hold'em Poker},
  booktitle = {IEEE Symposium on Computational Intelligence and Games (CIG'08)},
  year      = {2008},
  publisher = {IEEE},
  pages 		= {16--22}
}

@INPROCEEDINGS{Avery_Human2008,
	AUTHOR       = "Phillipa M. Avery and Zbigniew Michalewicz",
	TITLE        = "Adapting to human game play",
	BOOKTITLE    = {IEEE Symposium on Computational Intelligence and Games (CIG'08)},
	YEAR         = "2008",
	PAGES        = "8--15"
}

@inproceedings{Smith_RTS_SpatialTactics2010,
  title={Using Co-evolved RTS Opponents to Teach Spatial Tactics},
  author={G. Smith and P. Avery and R. Houmanfar and S. Louis},
  booktitle={IEEE Symposium on Computational Intelligence and Games (CIG 2010)},
  pages = {146--153},
  year  = "2010"
}

@inproceedings{Avery_RTS_Team2010,
  title={Coevolving team tactics for a real-time strategy game},
  author={P. Avery and S. Louis},
  booktitle={Proceedings of the 2010 IEEE Congress on Evolutionary Computation (CEC 2010)},
  pages = "1--8",
  year = 2010
}

@INPROCEEDINGS{Cook_Platforming2012,
	AUTHOR       = "Michael Cook and Simon Colton and Jeremy Gow",
	TITLE        = "Initial Results from Co-operative Co-evolution for Automated Platformer Design",
	BOOKTITLE    = "Applications of Evolutionary Computation, EVOApplications 2012, LNCS 7248",
	YEAR         = "2012",
	PAGES        = "194--203"
}

@INPROCEEDINGS{Cardona_MSPacman2013,
  author = {A.B. Cardona and J. Togelius and M.J. Nelson},
  title = {Competitive coevolution in {Ms. Pac-Man}},
  booktitle = {Proceedings of the 2013 IEEE Congress on Evolutionary Computation
	(CEC 2013)},
  year = {2013},
  pages = {1403--1410}
}

@inproceedings{Nogueira_HoF2013,
  author    = {Mariela Nogueira and
               Carlos Cotta and
               Antonio Jos{\'e} Fern{\'a}ndez Leiva},
  title     = {An Analysis of Hall-of-Fame Strategies in Competitive Coevolutionary
               Algorithms for Self-Learning in RTS Games},
  booktitle = {Learning and Intelligent Optimization - 7th International
               Conference, LION 7, Catania, Italy, January 7-11, 2013,
               Revised Selected Papers},
  series    = {Lecture Notes in Computer Science},
  volume    = {7997},
  year      = {2013},
  pages     = {174-188},
  
}



@incollection{CarSetup,
year={2013},
isbn={978-3-642-38681-7},
booktitle={Advances in Computational Intelligence},
volume={7903},
series={Lecture Notes in Computer Science},
editor={Rojas, Ignacio and Joya, Gonzalo and Cabestany, Joan},
doi={10.1007/978-3-642-38682-4_37},
title={Car Setup Optimization via Evolutionary Algorithms},
url={http://dx.doi.org/10.1007/978-3-642-38682-4_37},
publisher={Springer Berlin Heidelberg},
author={Cotta, Carlos and Fernández-Leiva, Antonio J. and Sánchez, Alberto Fuentes and Lara-Cabrera, Raúl},
pages={346-354}
}

@inproceedings{ziolko2012automatic,
  title={Automatic reasoning in the Planet Wars game},
  author={Zi{\'o}{\l}ko, Bartosz and Kruk, Maciej},
  booktitle={Annales UMCS, Informatica},
  volume={12},
  number={1},
  pages={39--45},
  year={2012}
}

@article{LaraMaps14,
  author    = {Ra{\'u}l Lara-Cabrera and
               Carlos Cotta and
               Antonio Jos{\'e} Fern{\'a}ndez Leiva},
  title     = {On balance and dynamism in procedural content generation
               with self-adaptive evolutionary algorithms},
  journal   = {Natural Computing},
  volume    = {13},
  number    = {2},
  year      = {2014},
  pages     = {157-168},
  ee        = {http://dx.doi.org/10.1007/s11047-014-9418-9},
  bibsource = {DBLP, http://dblp.uni-trier.de}
}

@article{NogueiraCoevolutionary14,
  author    = {Mariela Nogueira Collazo and
               Carlos Cotta and
               Antonio Jos{\'e} Fern{\'a}ndez Leiva},
  title     = {Virtual player design using self-learning via competitive
               coevolutionary algorithms},
  journal   = {Natural Computing},
  volume    = {13},
  number    = {2},
  year      = {2014},
  pages     = {131-144},
  ee        = {http://dx.doi.org/10.1007/s11047-014-9411-3},
  bibsource = {DBLP, http://dblp.uni-trier.de}
}

@article{EsparciaGP2013,
  author    = {Anna Esparcia-Alc{\'a}zar and
               Jaroslav Moravec},
  title     = {Fitness approximation for bot evolution in genetic programming},
  journal   = {Soft Comput.},
  volume    = {17},
  number    = {8},
  year      = {2013},
  pages     = {1479-1487},
  ee        = {http://dx.doi.org/10.1007/s00500-012-0965-7},
  bibsource = {DBLP, http://dblp.uni-trier.de}
}

@inproceedings{GarciaGP14,
  author    = {P. Garc\'ia-S\'anchez and A. Fern\'andez-Ares and A. M. Mora and P. A. Castillo and J. Gonz\'alez and J.J. Merelo},
  title     = {Tree depth influence in Genetic Programming for generation of competitive agents for RTS games},
  booktitle = {Applications of Evolutionary Computation - EvoApplications
               2012: EvoCOMNET, EvoCOMPLEX, EvoFIN, EvoGAMES, EvoHOT, EvoIASP,
               EvoNUM, EvoPAR, EvoRISK, EvoSTIM, and EvoSTOC, Granada,
               Spain, April 23-25, 2014, Proceedings},
  year      = {2014},
  pages     = {},
  publisher = {Springer},
  series    = {Lecture Notes in Computer Science},

}

@article{Coevolving13Samothrakis,
  author    = {Spyridon Samothrakis and
               Simon M. Lucas and
               Thomas Philip Runarsson and
               David Robles},
  title     = {Coevolving Game-Playing Agents: Measuring Performance and
               Intransitivities},
  journal   = {IEEE Trans. Evolutionary Computation},
  volume    = {17},
  number    = {2},
  year      = {2013},
  pages     = {213-226},
  ee        = {http://dx.doi.org/10.1109/TEVC.2012.2208755},
  bibsource = {DBLP, http://dblp.uni-trier.de}
}

@article{LaraCabrera2014aesthetic,
title = "Geometrical vs topological measures for the evolution of aesthetic maps in a \{RTS\} game ",
journal = "Entertainment Computing ",
volume = "",
number = "0",
pages = " - ",
year = "2014",
issn = "1875-9521",
doi = "http://dx.doi.org/10.1016/j.entcom.2014.08.003",
url = "http://www.sciencedirect.com/science/article/pii/S187595211400024X",
author = "R. Lara-Cabrera and C. Cotta and A.J. Fernández-Leiva",
}

@techreport{wilcoxon:ga,
  doi = {10.6084/m9.figshare.974598},
  url = {http://dx.doi.org/10.6084/m9.figshare.974598},
  note= {Available at  \url{http://dx.doi.org/10.6084/m9.figshare.974598}},
  author = {Juan-Julián Merelo-Guervós; },
  publisher = {Figshare},
  title = {{Using a Wilcoxon-test based partial order for selection in evolutionary algorithms with noisy fitness}},
institution = {GeNeura group, university of Granada},
  year = {2014}
}