@inproceedings{StoryTecGobel2008,
 author = {G\"{o}bel, Stefan and Salvatore, Luca and Konrad, Robert Arthur and Mehm, Florian},
 title = {StoryTec: A Digital Storytelling Platform for the Authoring and Experiencing of Interactive and Non-linear Stories},
 booktitle = {Proceedings of the 1st Joint International Conference on Interactive Digital Storytelling: Interactive Storytelling},
 series = {ICIDS '08},
 year = {2008},
 isbn = {978-3-540-89424-7},
 location = {Erfurt, Germany},
 pages = {325--328},
 numpages = {4},
 url = {http://dx.doi.org/10.1007/978-3-540-89454-4_40},
 doi = {10.1007/978-3-540-89454-4_40},
 acmid = {1485306},
 publisher = {Springer-Verlag},
 address = {Berlin, Heidelberg},
}

@book{ArchetypesGarry05,
	author = {Garry, Jane and El-Shamy, Hasan M.},
	title = {Archetypes and Motifs in Folklore and Literature: A Handbook},
	year = {2005},
	publisher = {M.E. Sharpe},
}

@inproceedings{ReviewArinbjarnar09,
  title={A critical review of interactive drama systems},
  author={Arinbjarnar, Maria and Barber, Heather and Kudenko, Daniel},
  booktitle={AISB 2009 Symposium. AI \& Games, Edinburgh},
  year={2009},
  organization={Citeseer}
}