@inproceedings{GENEBOTEVOSTAR12,
  author    = {Antonio Miguel Mora and
               Antonio Fern{\'a}ndez-Ares and
               Juan Juli{\'a}n Merelo Guerv{\'o}s and
               Pablo Garc\'{\i}a-S{\'a}nchez},
  title     = {Dealing with Noisy Fitness in the Design of a RTS Game Bot},
  year      = {2012},
  pages     = {234-244},
  booktitle     = {Applications of Evolutionary Computation - EvoStar 2012, Proceedings},
  publisher = {Springer},
  series    = {Lecture Notes in Computer Science},
  volume    = {7248},
}

@inproceedings{cole04using,
  added-at = {2008-02-26T11:58:58.000+0100},
  author = {Cole, Nicholas and Louis, Sushil J. and Miles, Chris},
  biburl = {http://www.bibsonomy.org/bibtex/23ad75e4e310c0ed5cac840707e76c28a/schaul},
  booktitle = {Proceedings of the IEEE Congress on Evolutionary Computation},
  citeulike-article-id = {2380466},
  description = {idsia},
  interhash = {d7ba5cd861298ea47f2461bf1ea0db95},
  intrahash = {3ad75e4e310c0ed5cac840707e76c28a},
  keywords = {evolutionary},
  priority = {2},
  timestamp = {2008-02-26T11:58:58.000+0100},
  title = {Using a genetic algorithm to tune first-person shooter bots},
  year = 2004
}

@inproceedings{hongchoCIG2005,
  title={Evolving reactive NPCs for the real-time simulation game},
  author={Hong, J.H. and Cho, S.B.},
  booktitle={Proceedings of the 2005 IEEE Symposium on Computational Intelligence and Games, CIG},
  year={2005}
}

@inproceedings{Su-EAs_StrategySel09,
  title={Optimal strategy selection of non-player character on real time strategy game using a speciated evolutionary algorithm},
  author={Jang, S.H. and Yoon, J.W. and Cho, S.B.},
  booktitle={Computational Intelligence and Games, 2009. CIG 2009. IEEE Symposium on},
  pages={75--79},
  year={2009},
  organization={IEEE}
}

@INPROCEEDINGS{keaveney_cig2009, 
author={Keaveney, D. and O'Riordan, C.}, 
booktitle={Computational Intelligence and Games, 2009. CIG 2009. IEEE Symposium on}, title={Evolving robust strategies for an abstract real-time strategy game}, 
year={2009}, 
month={sept.}, 
volume={}, 
number={}, 
pages={371 -378}, 
}

@InCollection{INTROEIBEN,
  author     = 	 {A. Eiben and J.E. Smith},
  title      = 	 {What is an Evolutionary Algorithm?},
  booktitle  = 	 {Introduction to Evolutionary Computing},
  pages      =	 {15--35},
  publisher  =	 {Addison Wesley},
  year       =	 2005,
  editor     =	 {G. Rozenberg}
}

@InCollection{ahlquist_game_ai08,
  author = {J. B. Ahlquist J B and J. Novak},
  title = {Game Artificial Intelligence},
  series = {Game   Development Essentials}, 
  publisher = {Thompson Learning}, 
  year = {2008},
}

@Misc{webGAIC,
   title={{Google AI Challenge 2011: ANTS}},
   author={Google},
   note={Available at  \url{http://aichallenge.org/}},
   year={2011},
 }

@ARTICLE{Ponsen_EvLearn_RTS,
	AUTHOR       = "M. Ponsen and H. Munoz-Avila and P. Spronck and D. W. Aha",
	TITLE        = "Automatically Generating Game Tactics through Evolutionary Learning",
	JOURNAL      = "AI Magazine",
	YEAR         = "2006",
	VOLUME       = "27",
	NUMBER       = "3",
	PAGES        = "75-84"
}

@ARTICLE{offline-evolutionary-learning,
  author =       {P. Spronck and I. {Sprinkhuizen-Kuyper} and E. Postma},
  title =        {Improving Opponent Intelligence through Offline Evolutionary Learning},
  journal =      {International Journal of Intelligent  Games \& Simulation},
  year =         {2003},
  volume =       {2},
  number =       {1},
  pages =        {20-27},
  month =        {February}
}

@article{artifical-stupidity-game-wisdom2-2004,
author = {L. Lid\'{e}n},
title = {Artificial stupidity: The art of intentional mistakes}, 
journal = {AI Game Programming Wisdom 2}, 
publisher = {Charles River Media INC.},
year = {2004}, 
pages ={41--48},
}

@article{laird2001using,
author = {J. E. Laird},
title ={Using a computer game to develop advanced AI},
journal = {Computer}, 
number = {34},
volume = {7},
year =  {2001}, pages = {70--75},
}

@inproceedings{Togelius_SuperMario,
author = {J. Togelius and S. Karakovskiy and J. Koutnik  and  J. Schmidhuber}, 
title = {Super Mario evolution},
booktitle = {IEEE Symposium on Computational Intelligence and Games (CIG'09)}, 
year = {2009},
pages =  {156--161},
}

@inproceedings{AIRTS2004,
author = {M. Buro},
title = {Call for {AI} research in {RTS} games}, 
booktitle = {Proc. AAAI workshop on Challenges in Game AI}, year = {2004}, 
pages = {139--141},
}

@inproceedings{cooperativebots_CIG2010,
author = {A. M. Mora and M.A. Moreno and J.J. Merelo and P.A. Castillo and M.I. García-Arenas and J.L.J. Laredo},
title = {Evolving the cooperative behaviour in {Unreal}\texttrademark~ bots}, 
booktitle = {Proc. 2010 IEEE Conference on Computational Intelligence and Games (CIG 2010)},
year =  {2010}, 
pages={241--248},
} 

@inproceedings{falke2003,
author = {W. Falke-II  and P. Ross},
title = {Dynamic strategies in a Real-Time Strategy game} ,
booktitle = {Proc Genetic and Evolutionary computational Conference (GECCO 2003)}, 
series = {LNCS}, 
volume = {2724}, 
year = {2003}, 
pages =  {1920-1921},
}

@inproceedings{Pac-MAnt_CIG2010,
author = {E. Martín and M. Martínez and G. Recio and Y. Saez} ,
title = {{Pac-mAnt}: Optimization based on ant colonies applied to developing an agent for Ms. Pac-Man}, 
booktitle = {2010 IEEE Conference on Computational Intelligence and Games (CIG 2010)}, 
year = {2010}, pages = {458--464},
}

@inproceedings{ontanon2007,
author = {S. Ontanon and K. Mishra and N. Sugandh and A. Ram}, 
title = {Case-based planning and execution for Real-Time Strategy games},
booktitle = {Proceedings of the 7th international conference on Case-Based Reasoning: Case-Based Reasoning Research and Development (ISSBR'07)},
series = {LNCS}, 
volume = {4626}, 
year = {2007}, 
pages = {164--178},
}

@inproceedings{CarRacing_Pelta09,
author = {E. Onieva and D.A. Pelta  and J. Alonso and V. and Milanés and  J. Pérez},
title = {A modular parametric architecture for the TORCS racing engine},
booktitle = {Proc. 2009 IEEE Symposium on Computational Intelligence and Games (CIG'09)}, year = {2009}, pages = {256--262},
}

@article{emergence_in_games2008,
author = {P. Sweetser}, title = {Emergence in Games}, 
journal = {Game development}, 
publisher = {Charles River Media INC.},
year = {2008},
}

@article{holdum2011google,
  title={Google AI Challenge 2011: Ants},
  author={Holdum, K.H. and Kays{\o}-R{\o}rdam, C. and {\O}stergaard, C.},
  journal={J{\o}rgen Villadsen},
  pages={11},
  year={2011}
}

@book{EAs_Back96,
	title = {Evolutionary algorithms in theory and practice},
	author = {T. B\"ack},
	publisher = {Oxford University Press},
	year = {1996}
}

@book{GA_Goldberg89,
  author = 	 "David E. Goldberg",
  title = 	 "Genetic Algorithms in search, optimization and
		  machine learning",
  publisher = 	 "Addison Wesley",
  year = 	 1989
}

