@Book{Goldberg,
  author = 	 "David E. Goldberg",
  title = 	 "Genetic Algorithms in search, optimization and
		  machine learning",
  publisher = 	 "Addison Wesley",
  year = 	 1989
}

@Article         {Adamidis,
        author = {P. Adamidis},
         title = {Review of Parallel Genetic Algorithms},
       journal = {Technical Report, Aristotle University of Thessaloniki, Thessaloniki, Greeece},
          year = 1994
}

@Article         {CantuPaz,
        author = {E. Cant\'u-Paz},
         title = {A survey of parallel genetic algoritms},
       journal = {Calculateurs Paralleles, Reseaux et Systems Repartis. Vol. 10, No 2. pp. 141-171. Paris: Hermes},
          year = 1998
}

@Article         {CollinsJefferson,
        author = {R. J. Collins and D. R. Jeffereson},
         title = {Selection in massively parallel genetic algorithms},
       journal = {In R. K. Belew and L. B. Booker (Eds.) Proceedings of the Fourth International Joint Conf. On Genetic Algorithms. Morgan Kaufmann Publishers, p. 249-256},
          year = 1991
}

@Article         {Maruyama,
        author = {T. Maruyama and A. Konagaya and K. Konishi},
         title = {An Asynchronous Fine-Grained Parallel Genetic Algorithm},
       journal = {In R. Männerand B. Manderick (Eds.), Parallel Problem Solving fron Nature 2, Elsevier Science Publishers B.V. pp 563-572},
          year = 1992
}

@Article         {FogartyHuang,
        author = {T. Fogarty and  R. Huang},
         title = {Implementing the genetic Algorithm on Transputer Based Parallel Processing Systems},
       journal = {Parallel Problem Solving From Nature,p.145-149},
          year = 1991
}

@Article         {AbramsonAbela,
        author = {J. Abramson and A. Abela},
         title = {Parallel genetic algorithm for solving the school timetabling problem},
       journal = {In Proceedings of the Fifteenth Australian Computer Science Conference (ACSC-15), vol. 14, p.1-11},
          year = 1992
}

@Article         {HauserManner,
        author = {R. Hauser and R. M\"anner},
         title = {Implementation of standard genetic algorithm on MIMD machines},
       journal = {In Davidor Y., Schwefel H. P., Männer R., Eds., Parallel Problem Solving from Nature, PPSN III, p. 504-513, Springer-Verlag (Berlin)},
          year = 1994
}

@Article         {Tanese,
        author = {R. Tanese},
         title = {Parallel Genetic Algorithms for a Hypercube},
       journal = {In J. J. Grefenstette (Ed.), Proceedings of the second International Conference on Genetic Algorithms, Lawrence Erlbaum Associates, pp. 177-184},
          year = 1987
}

@Article         {Pettey,
        author = {C. B. Pettey and M. R. Leuze and J. J. Grefenstette},
         title = {A parallel Genetic Algorithm},
       journal = {In J. J. Grefenstette (Ed.), Proceedings of the Second International Conference on Genetic Algorithms, Lawrence Erlbaum Associates, pp. 155-162},
          year = 1987
}

@Article         {CantuPazGoldberg,
        author = {E. Cant\'u-Paz and D. E. Goldberg},
         title = {Modeling Idealized Bounding Cases of Parallel Genetic Algorithms},
       journal = {In Koza J., Deb K., Dorigo M., Fogel D., Garzón M., Iba H., Riolo R. Eds. Genetic Programming 1997: Proceedings of the Second Annual Conference, Morgan Kaufmann (San Francisco. CA)},
          year = 1997
}

@Article         {Robertson,
        author = {G. G. Robertson},
         title = {Parallel implementation of genetic algorithm in a classifier system},
       journal = {In Schaffer j. D. Ed., Proceedings of the Second International Conference on Genetic Algorithms, pp. 140-147, Lawrence Erlbaum Associates (Hillsdale, NJ)},
          year = 1987
}

@Article         {ShapiroNavetta,
        author = {B. Shapiro and J. Navetta},
         title = {A massively parallel genetic algorithm for RNA secondary structure prediction},
       journal = {The Journal of Supercomputing, vol 8, p. 195-207},
          year = 1994
}

@Article         {jjAEBopeal,
  author = 	 {J. J. Merelo},
  title = 	 {{OPEAL, una librer\'{\i}a de algoritmos evolutivos}},
  journal= 	 {Actas del Primer Congreso Espa\~nol de Algoritmos Evolutivos y Bioinspirados. ISBN:84-607-3913-9. pp.54-59. M\'erida, Spain, febrero},
  year = 	 2002
}

@Article         {Riedmiller93,
        author = {M. Riedmiller and H. Braun},
         title = {{A Direct Adaptive Method for Faster Backpropagation
		  Learning: The RPROP Algorithm}},
       journal = {In Ruspini, H., (Ed.) Proc. of the ICNN93, San Francisco, pp. 586-591},
          year = 1993
}
		  
@TechReport{Riedmiller94,
  author = 	 "M. Riedmiller",
  title = 	 "{Description and Implementation Details}",
  institution =  "University of Karlsruhe",
  year = 	 1994
}


@Article         {MAG98,
        author = {M.A. Gr\"{o}nroos},
         title = {{Evolutionary Design of Neural Networks}},
       journal = {Master of Science Thesis in Computer Science. Dept. of Mathematical Sciences. University of Turku},
          year = 1998
}

@Book{Whitley,
  author =    "D. Whitley",
  title =     "The GENITOR Algorithm and Selection Presure: Why
		  rank-based allocation of reproductive trials is best",
  publisher = "in J.D. Schaffer (Ed.), Proceedings of The Third
		  International Conference on Genetic Algorithms,
		  Morgan Kauffmann, Publishers, 116-121",
  year =      1989
}

@Unpublished{jiniFAQ,
  author = 	 {Bill Venners},
  title = 	 {Jini {FAQ} (Frequently Asked Questions)},
  note = 	 {Available from  http://www.artima.com/jini/faq.html },
  year =      2013
}
