
@Article         {CastilloIWANN99,
        author = {P. A. Castillo and  J. Gonz\'{a}lez and  J. J. Merelo and  V. Rivas and  G. Romero and  A. Prieto},
         title = {{SA-Prop: Optimization of Multilayer Perceptron Parameters using Simulated Annealing}},
       journal = {Lecture Notes in Computer Science, ISBN:3-540-66069-0, Vol. 1606, pp. 661-670, Springer-Verlag},
          year = 1999
}
@Article         {CastilloCEC99,
        author = {P. A. Castillo and  J. Gonz\'{a}lez and  J. J. Merelo and  V. Rivas and  G. Romero and  A. Prieto},
         title = {{G-Prop-II: Global Optimization of Multilayer Perceptrons using GAs}},
       journal = {In Congress on Evolutionary Computation, ISBN:0-7803-5536-9, Volume III, pp. 2022-2027, Washington D.C., USA},
          year = 1999
}
@Article         {CastilloGECCO99,
        author = {P. A. Castillo and  J. Gonz\'{a}lez and  J. J. Merelo and  V. Rivas and  G. Romero and  A. Prieto},
         title = {{G-Prop-III: Global Optimization of Multilayer Perceptrons using an Evolutionary Algorithm}},
       journal = {In Congress on Evolutionary Computation,In Genetic and Evolutionary Computation Conference, ISBN:1-55860-611-4, Volume I, pp. 942, Orlando, USA},
          year = 1999
}
@Article         {CastilloNeurocomputing,
        author = {P. A. Castillo and  J. J. Merelo and  V. Rivas and  G. Romero and  A. Prieto},
         title = {{G-Prop: Global Optimization of Multilayer Perceptrons using GAs}},
       journal = {Neurocomputing, Vol.35/1-4, pp.149-163},
          year = 2000
}
@Article         {CastilloNPL,
        author = {P. A. Castillo and  J. Carpio and  J. J. Merelo and  V. Rivas and  G. Romero and  A. Prieto},
         title = {{Evolving Multilayer Perceptrons}},
       journal = {Neural Processing Letters, vol. 12, no. 2, pp.115-127. October},
          year = 2000
}
@Article         {CastilloTESIS,
        author = {P. A. Castillo-Valdivieso},
         title = {Optimizaci\'on de Perceptrones Multicapa Mediante Algoritmos Evolutivos},
       journal = {Tesis Doctoral. Depto. Arquitectura y Tecnolog\'{\i}a de Computadores. Universidad de Granada},
          year = 2000
}
@Article         {CastilloIWEC,
        author = {P. A. Castillo and  M. G. Arenas and  J. G. Castellano and  J. Carpio and  J. J. Merelo and  A. Prieto and  V. Rivas and  G. Romero},
         title = {{Function Approximation with Evolved Multilayer Perceptrons}},
       journal = {in Proc. of Int'l Workshop on Evolutionary Computation (IWEC'2000) pp. 209-224. State Key Laboratory of Software Engineering. Wuhan University},
          year = 2000
}
@Article         {CastilloEC2001,
        author = {P. A. Castillo and  M. G. Arenas and  J. G. Castellano and  M.Cillero and  J. J. Merelo and  A. Prieto and  V. Rivas and  G. Romero},
         title = {{Function Approximation with Evolved Multilayer Perceptrons}},
       journal = {Advances in Neural Networks and Applications. Artificial Intelligence Series. Nikos E. Mastorakis Editor. ISBN:960-8052-26-2, pp.195-200, Published by World Scientific and Engineering Society Press},
          year = 2001
}
@Article         {CastilloEAA2001,
        author = {P. A. Castillo and  J. M. de la Torre and  J. J. Merelo and  I. Rom\'an},
         title = {{Forecasting business failure. A comparison of neural networks and logistic regression for the Spanish companies}},
       journal = {In 24th Annual Congress European Accounting Association, pp.182. Athens, 18-20 April},
          year = 2001
}
@Article         {CastilloAEPIA2001,
        author = {P. A. Castillo and J. G. Castellano and J. J. Merelo and  A. Prieto},
         title = {{Dise\~no de Redes Neuronales Artificiales Mediante Algoritmos Evolutivos}},
       journal = {Inteligencia Artificial, Revista Iberoamericana de Inteligencia Artificial. No.14, pp. 2-32. (ISSN: 1137-3601). (c) AEPIA (http://aepia.dsic.upv.es/)},
          year = 2001
}
@Article         {CastilloSC2001,
        author = {P. A. Castillo and J. J. Merelo and  A. Prieto},
         title = {{Artificial Neural Networks Design using Evolutionary Algorithms}},
       journal = {Submitted to Soft Computing (Springer-Verlag)},
          year = 2001
}

@Article         {CastilloBALDWIN,
        author = {P. A. Castillo and  J. G. Castellano and  J. J. Merelo and G. Romero},
         title = {{Lamarckian Evolution and Baldwin Effect in Artificial Neural Networks Evolution}},
       journal = {Technical Report. GeNeura Group. Department of Architecture and Computer Technology. University of Granada},
          year = 2001
}
@Article         {CastilloPPSN2002,
        author = {P.A. Castillo and M.G. Arenas and  J. J. Merelo and  V. Rivas and  G. Romero},
         title = {{Optimisation of Multilayer Perceptrons Using a Distributed Evolutionary Algorithm with SOAP}},
       journal = {Lecture Notes in Computer Science, Vol.2439, pp.676-685, Springer-Verlag},
          year = 2002
}
@Article         {CastilloIEEETNN,
        author = {P.A. Castillo and  J.J. Merelo and  G. Romero and  A. Prieto and I. Rojas},
         title = {{Statistical Analysis of the Parameters of a Neuro-Genetic Algorithm}},
       journal = {in IEEE Transactions on Neural Networks, vol.13, no.6, pp.1374-1394, ISSN:1045-9227, IEEE Press, november},
          year = 2002
}
@Article         {RojasIEEEanova,
        author = {I. Rojas and J. González and H. Pomares and J.J. Merelo and P.A. Castillo and G. Romero},
         title = {{Statistical Analisys of the main Parameters Involved in the Desing of a Genetic Algorithm}},
       journal = {in IEEE Transactions on Systems, Man and Cibernetics - Part C, vol.32, no.10, pp.31-37, ISSN:1094-6977, IEEE Press, november},
          year = 2002
}


@Article         {MereloIWANN99,
        author = {J. J. Merelo and  V. Rivas and  G. Romero and  P. A. Castillo and  A. Pascual and  J. M. Carazo},
         title = {{Improved Automatic Classification of Biological Particles from Electron-Microscopy Images Using Genetic Neural Nets}},
       journal = {Lecture Notes in Computer Science, ISBN:3-540-66068-2, Vol.1607, pp.373-382, Springer-Verlag},
          year = 1999
}
@Article         {GonzalezIWANN99,
        author = {J. Gonzalez and J. J. Merelo and P. A. Castillo and V. Rivas and G. Romero},
         title = {{Optimizing Web Newspaper Layout using Simulated Anealing}},
       journal = {Lecture Notes in Computer Science, ISBN:3-540-66068-2, Vol.1607, pp.759-768, Springer-Verlag},
          year = 1999
}
@Article         {MereloGECCO99,
        author = {J. J. Merelo and  J. Carpio and  P. A. Castillo and  V.M. Rivas and  G. Romero},
         title = {{Finding a needle a haystack using hints and evolutionary computation: the case of genetic Mastermind}},
       journal = {Proceedings of the Genetic and Evolutionary Computation Conference (GECCO99), Vol. Late Breaking Papers, pp.184-192, Morgan Kauffman Edts. ISBN. 1-55860-611-4, Orlando, July 13-17},
          year = 1999
}
@Article         {Rivas99,
        author = {V.M. Rivas and  J. J. Merelo and  P. A. Castillo and  G. Romero},
         title = {{Noticias Personalizadas: El periódico a la carta}},
       journal = {Comunicar la Ciencia en el siglo XXI. Libro II. ISBN:84-930639-3-2. pág.746. Editor: Parque de las Ciencias y Proyecto Sur de Ediciones. Granada. 25,26 y 27 de Marzo},
          year = 1999
}
@Article         {Rivas99b,
        author = {V. Rivas and J. J. Merelo and I. Rojas and P. A. Castillo and J. Carpio and G. Romero},
         title = {{Evolving 2-Dimensional Fuzzy Logic Controllers}},
       journal = {Submitted to Fuzzy Sets and Systems. Second revision},
          year = 1999
}
@Article         {Atienza,
        author = {J. Atienza and  M. Garc\'{\i}a and  J. Gonz\'alez and  J. J. Merelo and  P. A. Castillo},
         title = {Jenetic: a distributed, fine-grained, asynchronous evolutionary algorithm using Jini},
         journal= 	 {In M. Gra\~na, editor, FEA2000 (Frontiers of Evolutionary Algorithms) proceedings. Proc. JCIS'2000. P.P.Wang(ed). Editorial Association for Intelligent Machinery. ISBN:0-9643456-9-2. Vol I, pp.1087-1089. Atlantic City, NJ, Feb. 27-March 3.},
          year = 2000
}
@Article         {RomeroPPSN2000,
        author = {G. Romero and  M. G. Arenas and  J. Carpio and  J. G. Castellano and  P. A. Castillo and  J. J. Merelo and  A. Prieto and  V. Rivas},
         title = {{Evolutionary Computation Visualization: Application to G-Prop}},
       journal = {Lecture Notes in Computer Science, ISBN:3-540-41056-2, Vol.1917, pp.902-912. September},
          year = 2000
}

@Article         {EO1999,
  author = 	 {J. J. Merelo and  J. Carpio and  P. A. Castillo and  V. M. Rivas and  G. Romero},
  title = 	 {Evolving Objects},
  journal= 	 {Technical report available at {\sf http://geneura.ugr.es/\~{}jmerelo/EOPaper/}},
  year = 	 1999
}
@Article         {MereloIWEC,
        author = {J. J. Merelo and  J. Carpio and  P. A. Castillo and  V. Rivas and  G. Romero},
         title = {{Evolving Objects}},
       journal = {in Proc. of Int'l Workshop on Evolutionary Computation (IWEC'2000) pp. 202-208. State Key Laboratory of Software Engineering. Wuhan University},
          year = 2000
}
@Article         {EOFEA2000,
  author = 	 {J. J. Merelo and  M. G. Arenas and  J. Carpio and  P. A. Castillo and  V. M. Rivas and  G. Romero and  M. Schoenauer},
  title = 	 {Evolving Objects},
  journal= 	 {In M. Gra\~na, editor, FEA2000 (Frontiers of Evolutionary Algorithms) proceedings. Proc. JCIS'2000. P.P.Wang(ed). Editorial Association for Intelligent Machinery. ISBN:0-9643456-9-2. Vol I, pp.1083-1086. Atlantic City, NJ, Feb. 27-March 3.},
  year = 	 2000
}
@Article         {CastellanoXIJP,
  author = 	 {J. G. Castellano and  M.G Arenas and  J. Carpio and  P. A. Castillo and  M. Cillero and  J. J. Merelo and  P.R. Parra and  V. Rivas and  G.Romero},
  title = 	 {{Objetos Evolutivos Paralelos}},
  journal= 	 {In XI Jornadas de Paralelismo, pp.241-246, ISBN:84-699-3003-6, Granada, Spain, September},
  year = 	 2000
}
@Article         {ArenasXIJP,
  author = 	 {M.G Arenas and  J. G. Castellano and  J. Carpio and  P. A. Castillo and  M. Cillero and  J. J. Merelo and  A. Prieto and  V. Rivas and  G.Romero},
  title = 	 {Speedup measurement for a distributed evolutionary algorithm that uses Jini},
  journal= 	 {In XI Jornadas de Paralelismo, pp.247-246, ISBN:84-699-3003-6, Granada, Spain, September},
  year = 	 2000
}
@Article         {RivasIWANN2001,
        author = {V. M. Rivas and  P. A. Castillo and  J. J. Merelo},
         title = {{Evolving RBF Neural Networks}},
       journal = {In Lecture Notes in Computer Science, Springer-Verlag. J. Mira and A. Prieto (Eds.). ISSN:0302-9743, Volume I, LNCS 2084, pp.506-513},
          year = 2001
}
@Article         {RomeroIWANN2001,
        author = {G. Romero and  P. A. Castillo and  J. J. Merelo and  A. Prieto},
         title = {{Using SOM for Neural Network Visualization}},
       journal = {In Lecture Notes in Computer Science, Springer-Verlag. J. Mira and A. Prieto (Eds.). ISSN:0302-9743, Volume I, LNCS 2084, pp.629-636},
          year = 2001
}
@Article         {Aedemo2001,
        author = {J. L. Valderr\'abano and  E. Madinaveitia and  P. A. Castillo and  J. J. Merelo},
         title = {{NOTORIEDAD Y PRESI\'ON PUBLICITARIA: Pueden los nuevos m\'etodos matem\'aticos ayudarnos a mejorar la eficacia de la publicidad?}},
       journal = {Ponencias del 96 Seminario. 17º Seminario de Televisi\'on, pp.149-159. AEDEMO. Jerez de la Frontera, 7 al 9 de Febrero},
          year = 2001
}
@Article         {MereloJENUI2001,
        author = {J. J. Merelo and P. A. Castillo and A. Prieto},
         title = {{Integraci\'on de una Asignatura en Internet: El caso de Dise\~no y Evaluaci\'on de Configuraciones}},
       journal = {En Jornadas de Ense\~{n}anza Universitaria de la Inform\'atica (JENUI'2001). Palma de Mallorca, julio},
          year = 2001
}


@Article         {RivasCFC2001,
        author = {V. Rivas and M. G. Arenas and J. Carpio and J. G. Castellano and P. A. Castillo and J. J. Merelo and A. Prieto and G. Romero},
         title = {{Organizaci\'on y Desarrollo de Cursos de Extensi\'on Universitaria como Experiencia Docente}},
       journal = {Technical Report. GeNeura Group. Department of Architecture and Computer Technology. University of Granada},
          year = 2001
}

@Article         {CastellanoINTRONES,
        author = {J. G. Castellano and  P. A. Castillo and  J. J. Merelo},
         title = {{Scrapping or recycling: the role of chromosome length-altering operators in Genetic Algorithms}},
       journal = {Technical Report. GeNeura Group. Department of Architecture and Computer Technology. University of Granada},
          year = 2001
}
@Article         {MereloXML,
        author = {J. J. Merelo and P. A. Castillo and F. Herrera and M. Mart\'{\i}n},
         title = {{Evolutionary algorithms and XML: a marriage proposal}},
       journal = {Technical Report. GeNeura Group. Department of Architecture and Computer Technology. University of Granada},
          year = 2001
}

@Article         {Castellano12jp,
  author = 	 {J. G. Castellano and P. A. Castillo and J. J. Merelo and G. Romero},
  title = 	 {{Paralelizaci\'on de Evolving Objects Library usando MPI}},
  journal= 	 {In XII Jornadas de Paralelismo, Valencia, Spain, September},
  year = 	 2001
}
@Article         {Merelo12jp,
  author = 	 {J. J. Merelo and J. G. Castellano and P. A. Castillo and G. Romero},
  title = 	 {{Algoritmos gen\'eticos distribuidos usando SOAP}},
  journal= 	 {In XII Jornadas de Paralelismo, Valencia, Spain, September},
  year = 	 2001
}
@Article         {Romero12jp,
  author = 	 {G. Romero and J. G. Castellano and P. A. Castillo and J. J. Merelo},
  title = 	 {{Implementaci\'on paralela del SOM usando MPI}},
  journal= 	 {In XII Jornadas de Paralelismo, Valencia, Spain, September},
  year = 	 2001
}

@Article         {EAA2002,
        author = {I. Roman and J.M. de la Torre and P.A. Castillo and J.J. Merelo},
         title = {Sectorial bankruptcy prediction analysis using artificial neural networks: The Spanish companies case},
       journal = {25th Annual Congress European Accounting Association. Pp. 237, Copenhagen, April},
          year = 2002
}

@Article         {EAA2003,
        author = {I. Roman and J.M. de la Torre and M.E. Gomez and P.A. Castillo and J.J. Merelo},
         title = {Bankruptcy prediction adapted to firm characteristics. An empirical study},
       journal = {26th Annual Congress European Accounting Association. Congress Book. pp. A-108. Sevilla, April},
          year = 2003
}


@incollection{castilloBOOK2012,
year={2012},
isbn={978-3-642-30153-7},
booktitle={Advances in Intelligent Modelling and Simulation},
volume={422},
series={Studies in Computational Intelligence},
editor={Kolodziej, Joanna and Khan, Samee Ullah and Burczynski, Tadeusz},
doi={10.1007/978-3-642-30154-4_5},
title={Distributed Evolutionary Computation Using SOAP and REST Web Services},
url={http://dx.doi.org/10.1007/978-3-642-30154-4_5},
publisher={Springer Berlin Heidelberg},
author={Castillo, P.A. and Garcia-Sanchez, P. and Arenas, M.G. and Bernier, J.L. and Merelo, J.J.},
pages={89-111}
}

