
@Article         {CastilloIEEETNN,
        author = {P.A. Castillo and  J.J. Merelo and  G. Romero and  A. Prieto and I. Rojas},
         title = {{Statistical Analysis of the Parameters of a Neuro-Genetic Algorithm}},
       journal = {in IEEE Transactions on Neural Networks, vol.13, no.6, pp.1374-1394, ISSN:1045-9227, IEEE Press, november},
          year = 2002
}

@Article         {Pedrajas2002,
        author = {N. Garc\'{\i}a-Pedrajas and C. Herv\'{a}s-Mart\'{\i}nez and J. Munoz-P\'{e}rez},
         title = {{SYMBIONT: A cooperative coevolutionary model for evolving artificial neural networks for classification}},
       journal = {Studies In Fuzziness And Soft Computing archive, ISBN:3-7908-1455-5, pp.341-354},
          year = 2002
}

@Article         {Wlodzislaw2004,
        author  = {W. Duch},
        title   = {Datasets used for classification: comparison of results. },
        journal = {http://www.phys.uni.torun.pl/kmk/projects/datasets.html},
        year    = 2004
}

@Article         {domeniconi2000,
        author  = {C. Domeniconi and J. Peng and D. Gunopulos},
        title   = {Adaptive Metric Nearest Neighbor Classification},
        journal = {Proc. of IEEE Conf. on CVPR, pp. 517-522, Hilton Head Island, South Carolina},
        year    = 2000
}

@Article         {LeonBarranco2005,
        author  = {A. Le\'{o}n-Barranco and C.A. Reyes-Garc\'{\i}a},
        title   = {{ARGEN+AREPO: Improving the Search Process with Artificial Genetic Engineering}},
        journal = {In J.Cabestany, A.Prieto, and D.F.Sandoval (Eds): IWANN2005, LNCS 3512, pp. 637-645. Springer-Verlag Berlin Heidelberg},
        year    = 2005
}

@Article         {GarciaPedrajas2005,
        author  = {N. Garc\'{\i}a-Pedrajas and D. Ortiz-Boyer and R. del Castillo-Gom\'{a}riz and C. Herv\'{a}s-Mart\'{\i}nez},
        title   = {{Cascade Ensembles}},
        journal = {In J.Cabestany, A.Prieto, and D.F.Sandoval (Eds): IWANN2005, LNCS 3512, pp. 598-603. Springer-Verlag Berlin Heidelberg},
        year    = 2005
}

@Article         {pedrajas2005_ieeetec,
        author  = {N. Garc\'{\i}a-Pedrajas and C. Herv\'{a}s-Mart\'{\i}nez and D. Ortiz},
        title   = {{Cooperative coevolution of artificial neural network ensembles for pattern classification}},
        journal = {IEEE Transactions on Evolutionary Computation, 9(3):271-302},
        year    = 2005
}
@Article         {pedrajas2002_nn,
        author  = {N. Garc\'{\i}a-Pedrajas and C. Herv\'{a}s-Mart\'{\i}nez and J. Munoz-P\'{e}rez},
        title   = {{Multiobjective cooperative coevolution of artificial neural networks}},
        journal = {Neural Networks, vol.15, no.10, pp.1255-1274},
        year    = 2002
}
@Article         {dzeroski2004,
        author  = {S. Dzeroski and B. Zenko},
        title   = {{Is combining classifiers with stacking better than selecting the best one?}},
        journal = {Machine Learning, 54(3):255-273},
        year    = 2004
}
@Article         {catupaz2003,
        author  = {E. Cant\'{u}-Paz and C. Kamath},
        title   = {{Inducing oblique decision trees with evolutionary algorithms}},
        journal = {IEEE Trans. Evolutionary Computation, 7(1):54-68},
        year    = 2003
}



@CONFERENCE{citeulike:889804,
  author =       {J. Digalakis and K. Margaritis},
  title =        {{An Experimental Study of Genetic Algorithms using PGAPack}},
  booktitle =    {Proceedings of 7th Hellenic Conference on Informatics},
  year =         {1999},
  volume =       {1},
  pages  =       {v34--v40},
  address =      {Ioannina},
  month =        {August},
  organization = {University of Ioannina},
  publisher =    {E.P.Y}
 
}

@article{Dubreuil2006, 
	
title={Analysis of a master-slave architecture for distributed evolutionary computations.}, 
	
volume={36},  
	
number={1}, 
	
journal={IEEE Transactions on Systems Man and Cybernetics Part B}, 
	
author={Dubreuil, Marc and Gagne, Christian and Parizeau, Marc}, 
	
year={2006}, 
	pages={229--235}

}


@article {ecj2012,
   author = {White, David},
   affiliation = {School of Computing Science, University of Glasgow, Lilybank Gardens, Glasgow, G12 8QQ UK},
   title = {{Software review: the ECJ toolkit}},
   journal = {Genetic Programming and Evolvable Machines},
   publisher = {Springer Netherlands},
   issn = {1389-2576},
   keyword = {Computer Science},
   pages = {65-67},
   volume = {13},
   issue = {1},
   year = {2012}
}

@Article         {Cahon2004,
        author = {S. Cahon and N. Melab and E. Talbix},
         title = {{ParadisEO: A framework for the reusable design of parallel and distributed metaheuristics}},
       journal = {Journal of Heuristics, pp. 357-380},
          year = 2004
}

@Article         {Goodman1996,
        author = {Goodman, E. D.},
         title = {{An introduction to GALOPPS-The Genetic Algorithm Optimized for Portability and Parallelism System}},
       journal = {Release 3.2, Technical Report 96-07-01, Intelligent Systems Laboratory and Case Center for Computer-Aided Engineering and Manufacturing, Michigan State University, East Lansing, Mich.},
          year = 1996
}

@Article         {Tan2003,
        author = {K. C. Tan and A. Tay and J. Cai},
         title = {{Design and implementation of a distributed evolutionary computing software}},
       journal = {IEEE Transactions on Systems, Man, and Cybernetics, Part C, vol. 33, no. 3, pp. 325-338},
          year = 2003
}





@Article         {EibenSmith2003,
        author = {A.E. Eiben and J.E. Smith},
         title = {{Introduction to evolutionary computing}},
       journal = {Springer, New York},
          year = 2003
}
@Article         {CantuPaz1999,
        author = {E. Cant\'u-Paz},
         title = {{Topologies, migration rates, and multi-population parallel genetic algorithms}},
       journal = {In: Banzhaf W, Daida J, Eiben AE, Garzon MH, Honavar V, Jakiela M, Smith RE (eds) Proceedings of the genetic and evolutionary computation conference, vol 1, Orlando, Florida, USA, 13–17 July 1999. Morgan Kaufmann, London, pp 91–98},
          year = 1999
}
@Article         {CantuPaz2000,
        author = {E. Cant\'u-Paz},
         title = {{Efficient and accurate parallel genetic algorithms}},
       journal = {Kluwer Academic, Norwell},
          year = 2000
}

@Article         {Roy2009,
        author = {G. Roy and H. Lee and J. Welch and Y. Zhao and V. Pandey and D. Thurston},
         title = {{A distributed pool architecture for genetic algorithms}},
       journal = {IEEE Congress on Evolutionary Computation, 2009. CEC ’09. pp.1177-1184},
          year = 2009
}
@Article         {Bollini1999,
        author = {A. Bollini and M. Piastra},
         title = {{Distributed and persistent evolutionary algorithms: a design pattern}},
       journal = {In Genetic Programming, Proceedings EuroGP99. Lecture Notes in Computer Science, no. 1598. Springer, pp. 173-183},
          year = 1999
}
@Article         {Merelo2008,
        author = {J. Merelo and P.A. Castillo and J. Laredo and A. Mora and A. Prieto},
         title = {{Asynchronous distributed genetic algorithms with Javascript and JSON}},
       journal = {In WCCI 2008 Proceedings. IEEE Press, pp. 1372-1379},
          year = 2008
}
@Article         {Merelo2010,
        author = {J. Merelo},
         title = {{Fluid evolutionary algorithms}},
       journal = {2010 IEEE Congress on Evolutionary Computation (CEC2010). IEEE Press, pp. 1–8},
          year = 2010
}

@Article         {Andrzejak2010,
        author = {A. Andrzejak and D. Kondo and D. Anderson},
         title = {{Exploiting non-dedicated resources for cloud computing}},
       journal = {12th IEEE/IFIP Network Operations and Management Symposium (NOMS 2010), Osaka, Japan. pp. 341-348},
          year = 2010
}
@Article         {Atkinson2010,
        author = {M. Atkinson and D. D. Roure and J. van Hemert and D. Michaelides},
         title = {{Shaping ramps for data-intensive research}},
       journal = {UK e-Science All Hands Meeting 2010},
          year = 2010
}

@Article         {Arenas2011a,
        author = {M.G. Arenas and P.A. Castillo and G. Romero and J.J. Merelo},
         title = {{Cloud-based Evolutionary Parallel Computation using low cost storage services}},
       journal = {IEEE First International Symposium on Network Cloud Computing and Applications. isbn: 978-0-7695-4550- 9/11. pp.56-61. 2011. DOI 10.1109/NCCA.2011.16},
          year = 2011
}
@Article         {Arenas2011b,
        author = {M.G. Arenas and J.J. Merelo and A.M. Mora and P.A. Castillo and G. Romero and J.L.J. Laredo},
         title = {{Assessing speed-ups in commodity cloud storage services for distributed evolutionary algorithms}},
       journal = {2011 IEEE Congress on Evolutionary Computation. isbn 978-1-4244-7833-0/11 pp.304-311},
          year = 2011
}
@Article         {Arenas2011c,
        author = {M.G. Arenas and J.J. Merelo and A.M. Mora and P.A. Castillo and G. Romero and J.L.J. Laredo},
         title = {{Using free cloud storage services for distributed evolutionary algorithms}},
       journal = {13th Annual Genetic and Evolutionary Computation Conference, GECCO 2011. Proceedings, Dublin, Ireland, July 12-16, 2011. Natalio Krasnogor and Pier Luca Lanzi, Editors. ACM. pages 1603-1610. isbn 978-1-4503-0557-0},
          year = 2011
}

@Article         {EvoGrid2012,
        author = {Olivier Grisel},
         title = {{EvoGrid. Distributed Evolutionary Computation framework}},
       journal = {http://pypi.python.org/pypi/evogrid},
          year = 2012
}


@Article         {salto2012,
        author = {C. Salto and E. Alba},
         title = {{Designing heterogeneous distributed GAs by efficiently self-adapting the migration period}},
       journal = {Applied Intelligence Volume 36, Number 4, 800-808, DOI: 10.1007/s10489-011-0297-9},
          year = 2012
}
@Article         {alba2000,
        author = {E. Alba and J.M. Troya},
         title = {{Influence of the Migration Policy in Parallel Distributed GAs with Structured and Panmictic Populations}},
       journal = {Applied Intelligence Volume 12, Number 3, 163-181, DOI: 10.1023/A:1008358805991},
          year = 2000
}
@Article         {castillo2011,
        author = {P.A. Castillo and M.G. Arenas and N. Rico and A.M. Mora and P. Garc\'ia and J.L.J. Laredo and J.J. Merelo},
         title = {{Determining the significance and relative importance of parameters of a simulated quenching algorithm using statistical tools}},
       journal = {Applied Intelligence Volume 37, Number 2, 239-254, DOI: 10.1007/s10489-011-0324-x},
          year = 2012
}


@inproceedings{Das2009, 
author = {Das, Swagatam and Chowdhury, Archana and Abraham, Ajith}, 
title = {A bacterial evolutionary algorithm for automatic data clustering}, 
booktitle = {Proceedings of the Eleventh conference on Congress on Evolutionary Computation}, 
series = {CEC'09}, 
year = {2009}, 
isbn = {978-1-4244-2958-5}, 
location = {Trondheim, Norway}, 
pages = {2403--2410}, 
numpages = {8}, 
url = {http://portal.acm.org/citation.cfm?id=1689599.1689918}, 
acmid = {1689918}, 
publisher = {IEEE Press}, 
address = {Piscataway, NJ, USA}, 
keywords = {bacterial evolution, clustering, genetic algorithm, metaheuristics, pattern recognition}, 
}
@Article         {eiben_tut_cec2009,
        author = {A. E. Eiben},
         title = {{Principled Approaches to tuning EA parameters}},
       journal = {Tutorials - IEEE Congress on Evolutionary Computation (CEC2009). Available at {\sf http://www.few.vu.nl/\~{}gusz/papers/eiben-cec-2009-tutorial-corrected.pdf} },
          year = 2009
}
@Article         {emss2007,
        author = {A. E. Eiben and Z. Michalewicz and M. Schoenauer and J. E. Smith},
         title = {Parameter Control in Evolutionary Algorithms},
       journal = {Parameter Setting in Evolutionary Algorithms, Studies in Computational Intelligence. Volume 54/2007, pp.19-46. ISBN 978-3-540-69431-1, ISSN 1860-949X. Springer Berlin / Heidelberg},
          year = 2007
}
@Article         {smiteiben_paper_2009,
        author = {S. K. Smit and A. E. Eiben},
         title = {{Using Entropy for Parameter Analysis of Evolutionary Algorithms}},
       journal = {in Bartz Beielstein et al. (eds.), Empirical Methods for the Analysis of Optimization Algorithms, Natural Computing Series, Springer},
          year = 2009
}

@inproceedings{smiteiben_paper_cec2009,
 author = {Smit, S. K. and Eiben, A. E.},
 title = {Comparing parameter tuning methods for evolutionary algorithms},
 booktitle = {CEC'09: Proc. of the Eleventh conference on Congress on Evolutionary Computation},
 year = {2009},
 isbn = {978-1-4244-2958-5},
 pages = {399--406},
 location = {Trondheim, Norway},
 publisher = {P. Haddow et al. (Eds.), IEEE Press},
 address = {Piscataway, NJ, USA},
 }
@Article         {SmitCEC2010,
        author = {S.K. Smit and A.E. Eiben},
         title = {{Beating the world champion Evolutionary Algorithm via REVAC Tuning}},
       journal = {In Proc. of the WCCI2010 IEEE World Congress on Computational Intelligence, pp. 1295-1302. issn 978-1-4244-8126-2. IEEE Press. Barcelona, Spain},
          year = 2010
}
@Article         {GongCEC2011,
        author = {Y. Gong and A. Fukunaga},
         title = {{Distributed Island-Model Genetic Algorithms Using Heterogeneous Parameter Settings}},
       journal = {Proceedings of the 2011 IEEE Congress on Evolutionary Computation (CEC2011), pp. 820-827. ISBN 978-1-4244-7834-7. New Orleans, LA, USA.},
          year = 2011
}

@Article         {Cantor2010,
        author = {G. Cantor and J. G\'omez},
         title = {{Maintaining genetic diversity in fine-grained parallel genetic algorithms by combining cellular automata, Cambrian explosions and massive extinctions}},
       journal = {2010 IEEE Congress on Evolutionary Computation (CEC), pp.1-8, ISBN 978-1-4244-6909-3},
          year = 2010
}



@Article         {Song2007,
        author = {C. Song and H. Zhao and W. Cai and H. Zhang and M. Zhao},
         title = {{The limited mutation particle swarm optimizer}},
       journal = {K. Li et als (eds). LSMS 2007, LNCS Vol 4688, pp. 258-266, Springer-Verlag Berlin Heidelberg},
          year = 2007
}
@Article         {Fan2010,
        author = {S.K. Fan and J.M. Chang},
         title = {{Dynamic multi-swarm particle swarm optimizer using parallel PC cluster system for global optimization of large-scale multimodal functions}},
       journal = {Engineering Optimization, Vol. 42, No. 5, pp. 431-451},
          year = 2010
}
@Article         {Qin2009,
        author = {A. K. Qin and V. L. Huang and P. N. Suganthan},
         title = {{Differential Evolution Algorithm With Strategy Adaptation for Global Numerical Optimization}},
       journal = {IEEE Transactions on Evolutionary Computation, Vol. 13, No. 2, April},
          year = 2009
}


@INPROCEEDINGS{funcs_Whitley03quadsearch,
   author = {Darrell Whitley and Deon Garrett and Jean-paul Watson},
   title = {Quad search and hybrid genetic algorithms},
   booktitle = {In Genetic and Evolutionary Computation - GECCO 2003},
   year = {2003},
   pages = {1469--1480},
   publisher = {Springer}
}
@Book{funcs_ACK87,
   AUTHOR = "D. H. Ackley",
   TITLE = "A connectionist machine for genetic hillclimbing",
   PUBLISHER = "Kluwer",
   ADDRESS = "Boston",
   YEAR = "1987"
}
@Book{funcs_BAC96,
   AUTHOR = "T. B{\"a}ck",
   TITLE = "Evolutionary algorithms in theory and practice",
   PUBLISHER = "Oxford University Press",
   YEAR = "1996"
} 

@Article         {HansenCOMPETITION1,
        author = {N. Hansen},
         title = {{Compilation of results on the 2005 CEC benchmark function set}},
       journal = {http://bit.ly/11Rt5hS},
          year = 2006
}
@Article         {HansenCOMPETITION2,
        author = {P. N. Suganthan and N. Hansen and J. J. Liang and K. Deb and Y.P. Chen and A. Auger and S. Tiwari},
         title = {{Problem Definitions and Evaluation Criteria for the CEC 2005 Special Session on Real-Parameter Optimization}},
       journal = {Technical Report, Nanyang Technological University, Singapore, May 2005 AND KanGAL Report 2005005, IIT Kanpur, India},
          year = 2005
}
@ARTICLE{TZ89,
  author =       {A. T\"{o}rn and A. Zilinskas},
  title =        "{Global Optimization}",
  journal =      "{Vol. 350 of Springer Lecture Notes in Computer Science (Springer, Berlin), pp. 1--24}",
  year =         {1989}
}

@book{SchwefelOptimization,
 author = {Schwefel, Hans-Paul},
 title = {Numerical Optimization of Computer Models},
 year = {1981},
 isbn = {0471099880},
 publisher = {John Wiley \& Sons, Inc.},
 address = {New York, NY, USA},
 }

@ARTICLE{GRIE81,
  author =       {A.O. Griewank },
  title =        "{Generalized descent for global optimization}",
  journal =      "{Journal of Optimization Theory and Applications}",
  year =         {1981},
  volume =      {34},
  number =       {1},
  pages =        {11-39},
}
@article{DBLP:journals/amc/ChoOG08,
  author    = {H. Cho and
               F. Olivera and
               S.D. Guikema},
  title     = {A derivation of the number of minima of the Griewank function},
  journal   = {Applied Mathematics and Computation},
  volume    = {204},
  number    = {2},
  year      = {2008},
  pages     = {694-701},
  ee        = {http://dx.doi.org/10.1016/j.amc.2008.07.009},
  bibsource = {DBLP, http://dblp.uni-trier.de}
}



@article{Taverna,
Author = {Oinn, T and Addis, M and Ferris, J and Marvin, D and Senger, M and
   Greenwood, M and Carver, T and Glover, K and Pocock, MR and Wipat, A and
   Li, P},
Title = {{Taverna: a tool for the composition and enactment of bioinformatics
   workflows}},
Journal = {{Bioinformatics}},
Year = {{2004}},
Volume = {{20}},
Number = {{17}},
Pages = {{3045-3054}},
Month = {{NOV 22}},
}

@article {Kepler,
author = {Ludascher, Bertram and Altintas, Ilkay and Berkley, Chad and Higgins, Dan and Jaeger, Efrat and Jones, Matthew and Lee, Edward A. and Tao, Jing and Zhao, Yang},
title = {Scientific workflow management and the Kepler system},
journal = {Concurrency and Computation: Practice and Experience},
volume = {18},
number = {10},
publisher = {John Wiley & Sons, Ltd.},
issn = {1532-0634},
url = {http://dx.doi.org/10.1002/cpe.994},
doi = {10.1002/cpe.994},
pages = {1039--1065},
keywords = {scientific workflows, Grid workflows, scientific data management, problem-solving environments, dataflow networks},
year = {2006},
}

@inproceedings{davidson,
  title={Provenance and scientific workflows: challenges and opportunities},
  author={Davidson, S.B. and Freire, J.},
  booktitle={Proceedings of the 2008 ACM SIGMOD international conference on Management of data},
  pages={1345--1350},
  year={2008},
  organization={ACM}
}

@misc{WST,
Author = "OASIS",
Title = {{Web Services Atomic Transaction (WS-AtomicTransaction) Version 1.2}},
note={Available at  \url{http://docs.oasis-open.org/ws-tx/wstx-wsat-1.2-spec-os/wstx-wsat-1.2-spec-os.html}},
Year = {{2009}}
}

@MISC{WSR,
	AUTHOR       = "OASIS",
	TITLE        = "{Web Services Reliable Messaging (WS-ReliableMessaging)}",
	YEAR         = 2009,
	note		= {Available at  \url{http://docs.oasis-open.org/ws-rx/wsrm/200702}}
}

@misc{WSSC,
Author = "OASIS",
Title = {{WS-SecureConversation 1.4}},
note={Available at  \url{http://docs.oasis-open.org/ws-sx/ws-secureconversation/v1.4/ws-secureconversation.html}},
Year = {{2009}}
}

@misc{WSTrust,
Author = "OASIS",
Title = {{WS-Trust 1.4}},
note={Available at  \url{http://docs.oasis-open.org/ws-sx/ws-trust/v1.4/ws-trust.html}},
Year = {{2012}}
}

@misc{WSS,
Author = "OASIS",
Title = {{OASIS Web Services Security (WSS) TC}},
note={Available at  \url{http://docs.oasis-open.org/ws-sx/ws-trust/v1.4/ws-trust.html}},
Year = {{2006}}
}

@inproceedings{Perera,
  title={Enabling Web service extensions for scientific workflows},
  author={Perera, S. and Gannon, D.},
  booktitle={Workflows in Support of Large-Scale Science, 2006. WORKS'06. Workshop on},
  pages={1--10},
  year={2006},
  organization={IEEE}
}

@misc{WSA,
Author = "W3C",
Title = {{Web Services Addressing 1.0 - Core}},
note={Available at  \url{http://www.w3.org/TR/2006/REC-ws-addr-core-20060509/}},
Year = {{2006}}
}

@misc{WSP,
  author={Curbera, F. and Schlimmer, J. and others},
  title={Web Services Metadata Exchange (WS-MetadataExchange)},
  note={Available at  \url{http://www-106.ibm.com/developerworks/library/specification/wsmex}},
  year={2004}
}

@article{WSRF,
  title={Modeling and managing state in distributed systems: The role of OGSI and WSRF},
  author={Foster, I. and Czajkowski, K. and Ferguson, DE and Frey, J. and Graham, S. and Maguire, T. and Snelling, D. and Tuecke, S.},
  journal={Proceedings of the IEEE},
  volume={93},
  number={3},
  pages={604--612},
  year={2005},
  publisher={IEEE}
}


@inproceedings{gagnebeagle2003,
   author    = { Christian Gagné and Marc Parizeau and Marc Dubreuil },
   title     = { Distributed BEAGLE: An Environment for Parallel and Distributed Evolutionary Computations },
   booktitle = { Proc. of the 17th Annual International Symposium on High Performance Computing Systems and Applications (HPCS) 2003 },
   pages     = { 201--208 },
   year      = { 2003 },
   month     = { May 11-14 },
   location  = { Sherbrooke (QC) }
} 


@incollection{castilloBOOK2012,
year={2012},
isbn={978-3-642-30153-7},
booktitle={Advances in Intelligent Modelling and Simulation},
volume={422},
series={Studies in Computational Intelligence},
editor={Kolodziej, Joanna and Khan, Samee Ullah and Burczynski, Tadeusz},
doi={10.1007/978-3-642-30154-4_5},
title={Distributed Evolutionary Computation Using SOAP and REST Web Services},
url={http://dx.doi.org/10.1007/978-3-642-30154-4_5},
publisher={Springer Berlin Heidelberg},
author={Castillo, P.A. and Garcia-Sanchez, P. and Arenas, M.G. and Bernier, J.L. and Merelo, J.J.},
pages={89-111}
}



@Article         {xxx,
        author = {xxxx},
         title = {{xxxxx}},
       journal = {xxxxxxxxxxxxxx},
          year = xxxx
}
@Article         {yyy,
        author = {xxxx},
         title = {{xxxxx}},
       journal = {xxxxxxxxxxxxxx},
          year = xxxx
}

