@Article {wikiREST,
        author = {Wikipedia},
         title = {{Representational State Transfer}},
       journal = {http://en.wikipedia.org/wiki/Representational\_State\_Transfer},
          year = 2011
}
@Article {wikiREST3,
        author = {IETF},
         title = {{RFC 1945}},
       journal = {http://tools.ietf.org/html/rfc1945},
          year = 2011
}
@Article {wikiREST4,
        author = {IETF},
         title = {{RFC 2616}},
       journal = {http://tools.ietf.org/html/rfc2616},
          year = 2011
}
@Article {Fielding2002,
        author = {R.T. Fielding and R.N. Taylor},
         title = {{Principled Design of the Modern Web Architecture}},
       journal = {ACM Transactions on Internet Technology (TOIT) (New York: Association for Computing Machinery) 2 (2): 115-150},
          year = 2002
}
@Article {Fielding2000,
        author = {R.T. Fielding},
         title = {{Architectural Styles and the Design of Network-based Software Architectures}},
       journal = {Doctoral dissertation, University of California, Irvine},
          year = 2000
}

@Article {perldancer2011,
        author = {A. Sukrieh},
         title = {{PerlDancer. The easiest way to write web applications with Perl}},
       journal = {http://perldancer.org},
          year = 2011
}
@Article {perldancer2011b,
        author = {A. Sukrieh},
         title = {{PerlDancer. Documentation}},
       journal = {http://perldancer.org/documentation},
          year = 2011
}

@Article{avila01,
  author = 		 {Paco \'{A}vila},
  title = 		 {{SOAP}: revolución en la red},
  journal = 	 {Linux actual},
  year = 		 2001,
  number =		 19,
  pages =		 {55--59}
}

@Article {Setzkorn2004,
        author = {C. Setzkorn and R. C. Paton},
         title = {{Javaspaces. An affordable technology for the simple implementation of reusable parallel evolutionary algorithms}},
       journal = {In J. A. Lopez, E. Benfenati, and W. Dubitzky, editors, Proceedings of the International Symposium on Knowledge Exploration in Life Science Informatics, KELSI 2004, volume 3303 of Lecture Notes in Artificial Inteligence, pages 151-160, Springer},
          year = 2004
}
@Article {myers2003,
        author = {D. S. Myers and M. P. Cummings},
         title = {{Necessity is the mother of invention: a simple grid computing system using commodity tools}},
       journal = {Journal Parallel Distrib. Comput. 63(5):578-589},
          year = 2003
}
@Article {Alba99Pue,
        author = {E. Alba},
         title = {{¿Puede un algoritmo evolutivo paralelo proporcionar ganancia superlineal?}},
       journal = {Actas CAEPIA-TTIA99 Vol. 2, pp. 89-97},
          year = 1999
}
@Article {chong99,
        author = {P. Chong},
         title = {{Java based distributed genetic programming on the internet}},
       journal = {In Evolutionary computation and parallel processing Workshop, GECCO 99 conference},
          year = 1999
}
@Article{SOAP:Inside,
  author =		 {D. Box},
  title = {Inside {SOAP}},
  journal = {Available from http://www.xml.com/pub/a/2000/02/09/feature/\-index.html},
          year = 2012
}

@Article{SOAP:soft,
  author =		 {soaprpc.com},
  title = {{SOAP software}},
  journal = {Available from http://www.soaprpc.com/software},
          year = 2012
}

@Article{SOAP:WSDL,
  author =		 {A. Ryman},
  title = {Understanding Web Services},
  journal = {Available from http://ibm.co/L3U0iO},
          year = 2012
}

@Article{SOAP:WSDL2,
  author =		 {V. Vasudevan},
  title = {A Web Services Primer},
  journal = {Available from http://www.xml.com/pub/a/2001/04/04/\-webservices/\-index.html},
          year = 2012
}

@Article{SOAP:WSDL3,
  author =		 {S. Semionov},
  title = {Web services description language},
  journal = {Available from http://www.sys-con.com/xml/archives/0205/\-simeonov/\-index\_b.html},
          year = 2012
}
@article{SOAP:Lite,
  author =		 {P. Kuchenko},
  title = {{SOAP::Lite}},
  journal = {Available from http://www.soaplite.com},
  year = 		 2012
}

@Book{LearningXML,
  author =		 {Erik T. Ray},
  title = 		 {Learning {XML}: creating self-describing data},
  publisher = 	 {O\'{}Reilly},
  year = 		 2001,
  month =		 {January}
}
@Book{xml:bible,
  author =		 {Elliotte Rusty Harold},
  title = 		 {{XML} {B}ible },
  publisher = 	 {{IDG} Books worldwide},
  year = 		 1991
}
@article {PAPAZOGLOU,
   author = {Papazoglou, Mike and van den Heuvel, Willem-Jan},
   affiliation = {Tilburg University INFOLAB PO Box 90500 5000 LE Tilburg The Netherlands},
   title = {Service oriented architectures: approaches, technologies and research issues},
   journal = {The VLDB Journal},
   publisher = {Springer Berlin / Heidelberg},
   issn = {1066-8888},
   keyword = {Computer Science},
   pages = {389-415},
   volume = {16},
   issue = {3},
   note = {10.1007/s00778-007-0044-3},
   year = {2007}
}

@Article {compxmlrpc1,
        author = {Andy Thompson},
         title = {{Justifying your choice in web service infrastructure}},
       journal = {http://bit.ly/6s3ojO},
          year = 2012
}
@Article {compxmlrpc2,
        author = {oluyede},
         title = {{If XMLRPC is really better than REST its not for there reasons}},
       journal = {http://bit.ly/KuKjFC},
          year = 2012
}

@inproceedings{OSGILIATH,
  author    = {Pablo Garc\'{\i}a-S{\'a}nchez and
               J. Gonz{\'a}lez and
               Pedro A. Castillo and
               Juan Juli{\'a}n Merelo Guerv{\'o}s and
               Antonio Miguel Mora and
               Juan Lu\'{\i}s Jim{\'e}nez Laredo and
               Maribel Garc\'{\i}a Arenas},
  title     = {A Distributed Service Oriented Framework for Metaheuristics
               Using a Public Standard},
  booktitle = {Nature Inspired Cooperative Strategies for Optimization,
               NICSO 2010, May 12-14, 2010, Granada, Spain. Studies in
Computational Intelligence},
 volume    = {284},
  year      = {2010},
  pages     = {211-222},

}

@incollection{EVAG,
  author    = {Juan Lu\'{\i}s Jim{\'e}nez Laredo and
               Juan Juli{\'a}n Merelo Guerv{\'o}s and
               Pedro A. Castillo Valdivieso},
  title     = {Evolvable Agents: A Framework for Peer-to-Peer Evolutionary
               Algorithms},
  booktitle = {Parallel and Distributed Computational Intelligence},
  year      = {2010},
series    = {Studies in Computational Intelligence},
  volume    = {269},
  pages     = {43-62},
}

@Article {SOAP,
        author = {D. Box and D. Ehnebuske and G. Kakivaya and A. Layman and N. Mendelsohn and H.F. Nielsen and S. Thatte and D. Winer},
         title = {{Simple Object Access Protocol (SOAP) 1.1, W3C Note 08 May 2000}},
       journal = {Available from http://www.w3.org/TR/SOAP},
          year = 2011
}

@Article {Vinoski2008,
        author = {S. Vinoski},
         title = {{Serendipitous reuse}},
       journal = {IEEE Internet Computing, 12(1):84-87},
          year = 2008
}

@Article {SURVEYMOFS,
        author = {Parejo, J. and Ruiz-Cortes, A. and Lozano, S.  and Fernandez, P.},
         title = {{Metaheuristic optimization frameworks: a survey and benchmarking}},
       journal = {Soft Computing - A Fusion of Foundations, Methodologies and Applications, 16:527-561 10.1007/s00500-011-0754-8},
          year = 2012
}
@Article {GENERICITY05,
        author = {Gagn{\'e}, C. and Parizeau, M.},
         title = {{Genericity in evolutionary computation software tools: Principles and case-study}},
       journal = {International Journal on Artificial Intelligence Tools 15(2):173},
          year = 2006
}

@Article{Alonso2010,
  author = {G. Alonso and F. Casati and H. Kuno and V. Machiraju},
  title = {{Web Services: Concepts, Architectures and Applications}},
  journal = {Springer. ISBN 978-3642078880},
  year = 2010
}
@Article {Daigneau2011,
        author = {Robert Daigneau},
         title = {{Service Design Patterns: Fundamental Design Solutions for SOAP/WSDL and RESTful Web Services }},
       journal = {Addison-Wesley Professional. 1 Ed. ISBN 978-0321544209},
          year = 2011
}
@Article {Newcomer2002,
        author = {Eric Newcomer},
         title = {{Understanding Web Services: XML, WSDL, SOAP, and UDDI}},
       journal = {Addison-Wesley Professional. 1 Ed. ISBN 978-0201750812},
          year = 2002
}





@article{SOMA, 
Author = {Arsanjani, A. and Ghosh, S. and Allam, A. and Abdollah, T. and 
   Ganapathy, S. and Holley, K.}, 
Title = {{SOMA: A method for developing service-oriented solutions}}, 
Journal = {{IBM Systems Journal}}, 
Year = {{2008}}, 
Volume = {{47}}, 
Number = {{3}}, 
Pages = {{377-396}}, 
Month = {{JUL-SEP}}, 
ISSN = {{0018-8670}}, 
Unique-ID = {{ISI:000258744400004}}, 
}

@inproceedings{GRID1, 
  author    = {Simon J. Cox and 
               Matt J. Fairman and 
               Gang Xue and 
               Jasmin L. Wason and 
               Andy J. Keane}, 
  title     = {The GRID: Computational and Data Resource Sharing in Engineering 
               Optimisation and Design Search}, 
    booktitle     = {30th International Workshops on Parallel Processing (ICPP 
               2001 Workshops), 3-7 September 2001, Valencia, Spain}, 
  year      = {2001}, 
  pages     = {207-212}, 
  publisher = {IEEE Computer Society}, 
} 

@inproceedings{GRID2, 
       booktitle = {UK e-Science All Hands Meeting 2003}, 
           title = {CFD-based shape optimisation with grid-enabled design search toolkits}, 
          author = {Wenbin Song and Andy Keane and Simon Cox}, 
       publisher = {EPSRC}, 
            year = {2003}, 
           pages = {619--627}, 
} 

@INPROCEEDINGS{GRID3, 
author={Wenbin Song and Yew Soon Ong and Hee Khiang Ng and Keane, A. and Cox, S. and Bu Sung Lee}, 
booktitle={Control, Automation, Robotics and Vision Conference, 2004. ICARCV 2004 8th}, 
title={A service-oriented approach for aerodynamic shape optimisation across institutional boundaries}, 
year={2004}, 
month={dec.}, 
volume={3}, 
pages={ 2274 -- 2279}, 
}

@incollection{GRID6, 
year={2004}, 
booktitle={Grid and Cooperative Computing}, 
volume={3032}, 
series={Lecture Notes in Computer Science}, 
title={"Gridifying" Aerodynamic Design Problem Using {GridRPC}}, 
publisher={Springer Berlin Heidelberg}, 
author={Ho, Quoc-Thuan and Ong, Yew-Soon and Cai, Wentong}, 
pages={83-90} 
}

@article{GRID8, 
title = "Efficient Hierarchical Parallel Genetic Algorithms using Grid computing", 
journal = "Future Generation Computer Systems", 
volume = "23", 
number = "4", 
pages = "658 - 670", 
year = "2007", 
note = "", 
author = "Dudy Lim and Yew-Soon Ong and Yaochu Jin and Bernhard Sendhoff and Bu-Sung Lee", 
} 

@article{GRID10, 
 author = {Imade, Hiroaki and Morishita, Ryohei and Ono, Isao and Ono, Norihiko and Okamoto, Masahiro}, 
 title = {A grid-oriented genetic algorithm framework for bioinformatics}, 
 journal = {New Gen. Comput.}, 
 volume = {22}, 
 number = {2}, 
 month = jan, 
 year = {2004}, 
 pages = {177--186}, 
 numpages = {10}, 
 publisher = {Ohmsha}, 
} 

@Misc{SOALIB, 
   title={{White Paper: What really is SOA. A comparison with Cloud Computing, Web 2.0, SaaS, WOA, Web Services, PaaS and others. }}, 
   author={Ejaz Jamil}, 
   note={Available at  \url{http://soalib.com/doc/whitepaper/SoalibWhitePaper_SOAJargon.pdf}}, 
   year= 2009 
 }

@InCollection{EMBODIED10, 
  title={Embodied, on-line, on-board evolution for autonomous robotics}, 
  author={Eiben, A.E. and Haasdijk, E. and Bredeche, N.}, 
  booktitle={Symbiotic Multi-Robot Organisms: Reliability, Adaptability, Evolution}, 
  volume={10}, 
  pages={361--382}, 
  year={2010}, 
  publisher={Springer}, 
  editor={Levi, P. and Kernbach, S.} 
}

@inproceedings{ROBOTIC,
  author    = {Pablo Garc\'{\i}a-S{\'a}nchez and
               A. E. Eiben and
               Evert Haasdijk and
               Berend Weel and
               Juan Juli{\'a}n Merelo Guerv{\'o}s},
  title     = {Testing Diversity-Enhancing Migration Policies for Hybrid
               On-Line Evolution of Robot Controllers},
  booktitle = {Applications of Evolutionary Computation - EvoApplications
               2012: EvoCOMNET, EvoCOMPLEX, EvoFIN, EvoGAMES, EvoHOT, EvoIASP,
               EvoNUM, EvoPAR, EvoRISK, EvoSTIM, and EvoSTOC, M{\'a}laga,
               Spain, April 11-13, 2012, Proceedings},
 publisher = {Springer},
  series    = {Lecture Notes in Computer Science},
  volume    = {7248},
  year      = {2012},
  pages     = {52-62},

}
