@ARTICLE{iMOACOS_SOCO,
	AUTHOR       = "The authors",
	TITLE        = "{MOACO Island Model Presentation}",
	JOURNAL      = "One Journal",
	YEAR         = "2013",
	VOLUME       = "V",
	NUMBER       = "N",
	PAGES        = "In Press."
}

@inproceedings{GA_Island_Model,
 author = "E. Cantú-Paz",
 title = {Topologies, Migration Rates, and Multi-Population Parallel Genetic
  Algorithms},
 booktitle = {Genetic and Evolutionary Computation Conference, GECCO-99},
 year = {1999},
 pages = {13--17},
 publisher = {ACM}
 }

@InProceedings{MACS-Gambardella,
  author = {L. Gambardella and E. Taillard and G. Agazzi},
  title = {MACS-VRPTW: A Multiple Ant Colony System for Vehicle Routing Problems with Time Windows},
  editor = {D. Corne, M. Dorigo, F. Glover},
  booktitle = {New Ideas in Optimization},
  pages = {73--76},
  year =	 1999,
  publisher = {McGraw-Hill}
}

@InProceedings{BiANT-Iredi,
  author = {Steffen Iredi and Daniel Merkle and Martin Middendorf},
  title = {Bi-Criterion Optimization with Multi Colony Ant Algorithms},
  booktitle =  {Proceedings of the First International Conference on
                  Evolutionary Multi-Criterion Optimization {(EMO 2001)}},
  pages =        {359--372},
  year =         2001,
  editor =       {E. Zitzler and K. Deb and L. Thiele and C. A. Coello Coello
                  and D. Corne},
  volume =       1993,
  series =       {LNCS},
  address =      {Berlin},
  publisher =    {Springer}
}

@InProceedings{MOACS-Baran,
  author = {Barán, B. and Schaerer, M.},
  title = {A multiobjective ant colony system for vehicle routing problem with time windows},
  booktitle = {IASTED International Multi-Conference on Applied Informatics},
  pages = {97--102},
  year = 2003,
  number = 21,
  series = {IASTED IMCAI}
}

@article{MOACOs_taxonomy,
	AUTHOR       = {C. García-Martínez and O. Cordón and F. Herrera},
	TITLE        = {A taxonomy and an empirical analysis of multiple objective ant colony optimization algorithms for the bi-criteria TSP},
  journal={European Journal of Operational Research},
  year=2007,
  volume={180},
  number={1},
  pages={116-148},
  month={July}
}

@ARTICLE{Stigmergy_Grasse59,
	AUTHOR       = "Pierre-Paul Grassé",
	TITLE        = "La reconstruction du nid et les coordinations inter-individuelles chez bellicositermes natalensis et cubitermes sp. La theorie de la stigmerie",
	JOURNAL      = "Insects Soc",
	YEAR         = "1959",
	VOLUME       = "6",
	PAGES        = "41--80"
}

@ARTICLE{Deneubourg83,
	AUTHOR       = "J.L.Deneubourg and J.M.Pasteels and J.C.Verhaeghe",
	TITLE        = "Probabilistic Behaviour in Ants: a Strategy
of Errors?",
	JOURNAL      = "J. Theor. Biol.",
	YEAR         = "1983",
	VOLUME       = "105",
	PAGES        = "259--271"
}

@article{dorigo96as,
  author = {M. Dorigo and V. Maniezzo and A. Colorni},
  title = {The Ant System: Optimization by a colony of cooperating agents},
  journal = {IEEE Transactions on Systems, Man, and Cybernetics Part B: Cybernetics},
  pages = {29--41},
  number = 1,
  volume = 26,
  year = 1996
}

@article{dorigo97acs,
  author = {M. Dorigo and L. M. Gambardella},
  title = {Ant Colony System: A cooperative learning approach to the traveling salesman problem},
  journal = {IEEE Transactions on Evolutionary Computation},
  pages = {53--66},
  number = 1,
  volume = 1,
  year = 1997
}

@InCollection{ACO_99,
  author = {M. Dorigo and G. Di Caro},
  title = {The ant colony optimization meta-heuristic},
  booktitle = {New Ideas in Optimization},
  pages = {11--32},
  publisher = {McGraw-Hill},
  year = 1999,
  editor = {D. Corne and  M. Dorigo and F. Glover}
}

@InCollection{ACO_2003,
author={M. Dorigo and T. Stützle}, 
title ={The Ant Colony Optimization Metaheuristic: Algorithms, Applications, and Advances},
editor={F. Glover, G.A. Kochenberger},
booktitle={Handbook of Metaheuristics},
publisher={Kluwer}, 
pages={251--285},
year =2002
}

@book {TSP_Descrip1985,
    editor = {E.~L.~Lawler and J.~K.~Lenstra and A.~H.~G.~Rinnooy Kan
        and D.~B.~Shmoys},
    title = "The Traveling Salesman Problem",
    publisher = "John Wiley \& Sons Ltd.",
    year = 1985
}

@book {TSP_Reinelt1994,
	fullauthor = "Gerhard Reinelt",
	author = "G.~Reinelt",
	title = {The traveling salesman: Computational solutions for {TSP}
		applications},
	publisher = "Springer {V}erlag",
	year = 1994,
	note = "LNCS 840"
}

@Article{Osyczka1985,
  author = 	 {A. Osyczka},
  title = 	 {Multicriteria optimization for engineering design},
  journal = 	 {In John S. Gero, editor, Design Optimization, pp.193-227. Academic Press},
  year = 	 1985,
}

@Book{Coello2002,
        author =       "Carlos A. Coello Coello and David A. Van Veldhuizen and Gary B. Lamont",
        year =         "2002",
        title =        "Evolutionary Algorithms for Solving Multi-Objective Problems",
        publisher =    "Kluwer Academic Publishers",
}

@Article{Pareto1896,
  author = 	 {V. Pareto},
  title = 	 {Cours D'Economie Politique},
  journal = 	 {volume I and II. F. Rouge, Lausanne},
  year = 	 1896,
}

@ARTICLE{Survey_par_ACOs,
	AUTHOR       = "M. Pedemonte and S. Nesmachnow and H. Cancela",
	TITLE        = "A Survey on Parallel Ant Colony Optimization",
	JOURNAL      = "Appl. Soft Comput.",
	YEAR         = "2011",
	VOLUME       = "11",
	NUMBER       = "8",
	PAGES        = "5181--5197"
}

@ARTICLE{ParallelACO_MultiColony,
	AUTHOR       = "M. Middendorf and F. Reischle and H. Schmeck",
	TITLE        = "Multi Colony Ant Algorithms",
	JOURNAL      = "Journal of Heuristics",
	YEAR         = "2002",
	VOLUME       = "8",
	PAGES        = "305--320"
}

@INPROCEEDINGS{ParallelACO_CoarseGrained_T,
	AUTHOR       = "T. Stützle",
	TITLE        = "Parallelization Strategies for Ant Colony Optimization",
	BOOKTITLE    = "Fifth International Conference on Parallel Problem Solving from Nature (PPSN-V)",
	YEAR         = "1998",
	PAGES        = "722--741",
	NOTE         = "LNCS 1498"
}

@INPROCEEDINGS{iMOACOs_IWANN,
	AUTHOR       = "A.M. Mora and J.J. Merelo and P.A. Castillo and M.G. Arenas and P. García-Sánchez and J.L.J. Laredo and G. Romero",
	TITLE        = "A Study of Parallel Approaches in MOACOs for Solving the Bicriteria TSP.",
	BOOKTITLE    = "Proceedings of the International Work Conference on Artificial Neural Networks (IWANN 2011)",
	YEAR         = "2011",
	PAGES        = "316--324",
	NOTE         = "LNCS 6692"
}

@ARTICLE{CHAC_COR,
	AUTHOR       = "A.~M. Mora and J.~J. Merelo and P.~A. Castillo and M.~G. Arenas",
	TITLE        = "hCHAC: A Family of MOACO Algorithms for the Resolution of the Bi-Criteria Military Unit Pathfinding Problem",
	JOURNAL      = "Computers \& Operations Research",
	YEAR         = "2011",
	VOLUME       = "In Press.",
	NOTE         = "DOI: http://dx.doi.org/10.1016/j.cor.2011.11.015"
}

@ARTICLE{ParallelACO_Island_Topologies,
	AUTHOR       = "R. Jovanovic and M. Tuba and D. Simian",
	TITLE        = "Comparison of Different Topologies for Island-Based Multi-Colony Ant Algorithms for the Minimum Weight Vertex Cover Problem",
	JOURNAL      = "Transactions on Computers",
	YEAR         = "2010",
	VOLUME       = "9",
	NUMBER       = "1"
}

@INPROCEEDINGS{ParallelACO_Island,
	AUTHOR       = "R. Michel and M. Middendorf",
	TITLE        = "An Island Model Based Ant System with Lookahead for the Shortest Supersequence Problem",
	BOOKTITLE    = "Fifth International Conference on Parallel Problem Solving from Nature (PPSN-V)",
	YEAR         = "1998",
	NOTE         = "LNCS 1498"
}

@INPROCEEDINGS{Multi-colony_exchange,
	AUTHOR       = "M. Middendorf and F. Reischle and H. Schmeck",
	TITLE        = "Information Exchange in Multi Colony Ant Algorithms",
	BOOKTITLE    = "Proceedings of the 15 IPDPS 2000 Workshops on Parallel and Distributed Processing",
	YEAR         = "2000"
}

@INPROCEEDINGS{jMetal_CEC10,
	AUTHOR       = "J.J. Durillo and A.J. Nebro and E. Alba",
	TITLE        = "The jMetal Framework for Multi-Objective Optimization: Design and Architecture",
	BOOKTITLE    = "IEEE Conference on Evolutionary Computation, CEC-2010",
	YEAR         = "2010",
	PAGES        = "4138--4325"
}

@PHDTHESIS{ParallelACO_FineGrained,
	AUTHOR       = "M. Bolondi and M. Bondanza",
	TITLE        = "Parallelizzazione di un Algoritmo per la Risoluzione del Problema del Commesso Viaggiatore",
	SCHOOL       = "Dipartimento di Elettronica, Politecnico di Milano",
	YEAR         = "2003"
}

@INBOOK{ParallelACO_CoarseGrained_B,
	AUTHOR       = "B. Bullnheimer and R.F. Hart and C. Strauss",
	TITLE        = "Parallelization Strategies for the Ant System",
	CHAPTER      = "High Performance Algorithms and Software in Nonlinear Optimization",
	YEAR         = "1998",
	VOLUME       = "24",
	SERIES       = "Applied Optimization"
}

@ARTICLE{2-OPT_Croes,
	AUTHOR       = "G. Croes",
	TITLE        = "A Method for Solving Traveling Salesman Problems",
	JOURNAL      = "Operations Res.",
	YEAR         = "1958",
	VOLUME       = "6",
	PAGES        = "791--812"
}

@ARTICLE{Communication_multi-colonyACO,
	AUTHOR       = "C. Twomey and T.  Stützle and M. Dorigo and M. Manfrin and M. Birattari",
	TITLE        = "An Analysis of Communication Policies for Homogeneous Multi-Colony ACO Algorithms",
	JOURNAL      = "Inf. Sci.",
	YEAR         = "180",
	VOLUME       = "2010",
	NUMBER       = "12",
	PAGES        = "2390--2404"
}

@INPROCEEDINGS{Attainment_Funcs,
	AUTHOR       = "C.M. Fonseca and P.J. Fleming",
	TITLE        = "On the Performance Assessment and Comparison of Stochastic Multiobjective Optimizers",
	BOOKTITLE    = "Fourth International Conference on Parallel Problem Solving from Nature (PPSN-IV)",
	YEAR         = "1996",
	PAGES        = "584--593",
	NOTE         = "LNCS 1141"
}

@INPROCEEDINGS{ANOVA_Fisher,
	AUTHOR       = "R.A. Fisher",
	TITLE        = "Theory of Statistical Estimation",
	BOOKTITLE    = "Proceedings of the Cambridge Philosophical Society",
	YEAR         = "1925",
	PAGES        = "700--725"
}

@TECHREPORT{Tukey_HSD,
	AUTHOR       = "P. Dickinson and B. Chow",
	TITLE        = "Some Properties of the Tukey Test to Duckworth's Specification",
	INSTITUTION  = "Office of Institutional Research, University of Southwestern Louisiana",
	YEAR         = "1971",
	ADDRESS      = "Lafayette, USA"
}
