@article{Mora2012Genebot,
  author    = {Antonio Miguel Mora and
               Antonio Fern{\'a}ndez-Ares and
               Juan J. Merelo Guerv{\'o}s and
               Pablo Garc\'{\i}a-S{\'a}nchez and
               Carlos M. Fernandes},
  title     = {Effect of Noisy Fitness in Real-Time Strategy Games Player
               Behaviour Optimisation Using Evolutionary Algorithms},
  journal   = {J. Comput. Sci. Technol.},
  volume    = {27},
  number    = {5},
  year      = {2012},
  pages     = {1007-1023},
  ee        = {http://dx.doi.org/10.1007/s11390-012-1281-5},
}

@inproceedings{FernandezAres2012adaptive,
  author    = {Antonio Fern{\'a}ndez-Ares and
               Pablo Garc\'{\i}a-S{\'a}nchez and
               Antonio Miguel Mora and
               Juan J. Merelo Guerv{\'o}s},
  title     = {Adaptive bots for real-time strategy games via map characterization},
  booktitle = {CIG},
  year      = {2012},
  pages     = {417-721},
  booktitle     = {2012 IEEE Conference on Computational Intelligence and Games,
               CIG 2012, Granada, Spain, September 11-14, 2012},
  publisher = {IEEE},
  year      = {2012},
  isbn      = {978-1-4673-1193-9},
}
