
@TechReport{aug1995,
    author = "Augerat, P. and Belenguer, J.M. and Benavent, E. and Corberán, A. and Naddef, D. and Rinaldi, G.",
    title = "Computational Results with a Branch and Cut Code for the {C}apacitated {V}ehicle {R}outing {P}roblem",
    type = "Research Report",
    institution = {Universit\'{e} Joseph Fourier, Grenoble, France},
    number = "949-M",
    year = 1995
    }

@ARTICLE {ben89,
    Title = {An Analysis of Inventory and Transportation Costs in a Constrained Network},
    Author = {Benjamin, J.},
    Journal = {Transportation Science},
    Year = {1989},
    Volume = {23},
    Number = {3},
    Pages = {177-183}
}

@ARTICLE {buhabluda85,
    Title = {Distribution Strategies that Minimize Transportation and Inventory Costs},
    Author = {Burns, L.D. and Hall, R.W. and Blumenfeld, D.E. and Daganzo, C.F.},
    Journal = {Operations Research},
    Year = {1985},
    Volume = {33},
    Number = {3},
    Pages = {469-490 }
}

@ARTICLE {camsav04,
    Title = {A Decomposition Approach for the {I}nventory-{R}outing {P}roblem},
    Author = {Campbell, A.M. and Savelsbergh, M.W.P. },
    Journal = {Transportation Science},
    Year = {2004},
    Volume = {38},
    Number = {4},
    Pages = {488-502}
}

@ARTICLE {manolojosepe,
    Title = {Designing a consumer products retail chain inventory replenishment policy with the consideration of transportation costs.},
    Author = {Card\'{o}s, M. and Garc\'{i}a-Sabater, J.P.},
    Journal = {International Journal of Production Economics},
    Year = {2006},
    Volume = {104},
    Number = {2},
    Pages = {525-535}
}

@ARTICLE {camepriroro02,
    Title = {Statistical analysis of the parameters of a neuro-genetic algorithm.},
    Author = {Castillo, P.A. and  J.J. Merelo and A. Prieto and I. Rojas and G. Romero},
    Journal = {IEEE Transactions on Neural Networks},
    Month = {November},
    Year = {2002},
    Volume = {13},
    Number = {6},
    Pages = {1374-1394}
}

@ARTICLE {clawri64,
    Title = {Scheduling of vehicles from a central depot to a number of delivery points. },
    Author = {Clarke, G. and Wright, W.},
    Journal = {Operations Research},
    Year = {1964},
    Volume = {12},
    Pages = {568-581}
}

@ARTICLE {conwhy78,
    Title = {The interaction of transportation and inventory decisions},
    Author = {Constable, G.K. and Whybark, D.C.},
    Journal = {Decision Sciences},
    Year = {1978},
    Volume = {9},
    Number = {4},
    Pages = {688-699}
}

@ARTICLE {cogenla97,
    Title = {A {T}abu {S}earch Heuristic for Periodic and Multi-Depot {V}ehicle {R}outing {P}roblems},
    Author = {Cordeau, J.-F. and Gendreau, M. and Laporte, G.},
    Journal = {Networks},
    Year = {1997},
    Volume = {30},
    Number = {2},
    Pages = {105-119}
}

@INPROCEEDINGS {dongxiang2006,
    TITLE       ={ Ant {C}olony {O}ptimization for {VRP} and Mail Delivery Problems},
    AUTHOR      ={ Lin Wei Dong and  Cai Tian Xiang },
    BOOKTITLE   ={IEEE International Conference on Industrial Informatics},
    EDITOR      = {},
    VOLUME      ={},
    MONTH       ={August},
    YEAR        ={2006},
    PAGES       ={ 1143-1148},
    PUBLISHER   ={IEEE}
    }


@INPROCEEDINGS {esllucarshaand2006,
    TITLE       ={Design of a Retail Chain Stocking Up Policy with a Hybrid Evolutionary Algorithm},
    AUTHOR      ={A.I. Esparcia-Alc\'{a}zar and L. Lluch-Revert and M. Card\'{o}s and K. Sharman and C. Andr\'{e}s-Romano},
    BOOKTITLE   ={EvoCOP 2006},
    EDITOR      = {J. Gottlieb and G.R. Raidl},
    VOLUME      ={3906},
    MONTH       ={April},
    YEAR        ={2006},
    PAGES       ={49--60},
    PUBLISHER   ={Springer},
    series      = {LNCS},
    url         = {http://dx.doi.org/10.1007/11730095_5},
    note        = {ISBN: 3-540-33178-6}
    }

@INPROCEEDINGS {esllucarshaand2006b,
    TITLE={A comparison of routing algorithms in a hybrid evolutionary tool for the {I}nventory and {T}ransportation {P}roblem},
    AUTHOR={A.I. Esparcia-Alc\'{a}zar and L. Lluch-Revert and M. Card\'{o}s and K. Sharman and C. Andr\'{e}s-Romano},
    BOOKTITLE={Proceedings of the IEEE Congress on Evolutionary Computation, CEC 2006},
    EDITOR = {Gary Yen, Lipo Wang, Piero Bonissone and Simon Lucas},
    PUBLISHER={ Omnipress},
    organization= {IEEE},
    VOLUME={},
    MONTH={July},
    YEAR={2006},
    address = {Vancouver, Canada},
    PAGES={5605-5611},
    series    = {},
    note= {ISBN: 0-7803-9489-5}
    }

@INPROCEEDINGS {esllucarshamer2007a,
    TITLE={Configuring an evolutionary tool for the {I}nventory and {T}ransportation {P}roblem},
    AUTHOR={A.I. Esparcia-Alc\'{a}zar and L. Lluch-Revert and M. Card\'{o}s and K. Sharman and JJ Merelo},
    BOOKTITLE={Proceedings of the Genetic and Evolutionary Computation Conference, GECCO 2007},
    EDITOR = {Maarten Keijzer et al.},
    PUBLISHER={ACM Press},
    VOLUME={II},
    MONTH={July},
    YEAR={2007},
    PAGES={1975--1982},
    address = {London, England},
    series = {},
    note= {}
    }

@INPROCEEDINGS {esllucarshaand2007a,
    TITLE={Configuraci\'{o}n de una herramienta evolutiva para el Problema de Transporte e Inventario},
    AUTHOR={A.I. Esparcia-Alc\'{a}zar and L. Lluch-Revert and M. Card\'{o}s and K. Sharman and C. Andr\'{e}s-Romano},
    BOOKTITLE={Actas del V Congreso Espa{\~n}ol sobre Metaheur\'{i}sticas, Algoritmos Evolutivos y Bioinspirados ({MAEB}'07)},
    EDITOR = {},
    PUBLISHER={},
    VOLUME={},
    MONTH={Febrero},
    YEAR={2007},
    PAGES={1-8},
    address = {Tenerife, Spain},
    series = {},
    note= {ISBN: 978-84-690-3470-5}
    }

@incollection{EVITAchapter2008,
  AUTHOR =       {A.I. Esparcia-Alc\'{a}zar and M. Card\'{o}s and J. J. Merelo and A. I. Mart\'{i}nez-Garc\'{i}a and
  P. Garc\'{i}a-S\'{a}nchez and E. Alfaro-Cid and K. Sharman},
  editor =       {Francisco B. Pereira and Jorge Tavares},
  bookTITLE =    {Bio-Inspired Algorithms for the Vehicle Routing Problem},
  title =        {{EVITA}: an integral evolutionary methodology for the {I}nventory and {T}ransportation {P}roblem},
  PUBLISHER =    {Springer},
  YEAR =         {2009},
  pages =       {151--172},
  series =      {Studies in Computational Intelligence Series},
  volume =      {161},
  note =        {ISBN: 978-3-540-85151-6},
  url =         "http://dx.doi.org/10.1007/978-3-540-85152-3_7"
}

@incollection{EVITAchapter2008anonymous,
  AUTHOR =       {A.N. Onymous and others},
  editor =       {Ed Itors},
  bookTITLE =    {A handsome collection},
  title =        {Previous work},
  PUBLISHER =    {Worthy publishers},
  YEAR =         {2009},
  pages =       {xx--yy},
  volume =      {zz}
}

@ARTICLE {feores89,
    Title = {A probabilistic heuristic for a computationally difficult set covering problem.},
    Author = {Feo, T.A. and Resende M.G.C. },
    Journal = {Operations Research Letters},
    Year = {1989},
    Volume = {8},
    Pages = {67-71}
}

@ARTICLE {gan99,
    Title = {Managing supply chain inventories: A multiple retailer, one warehouse, multiple supplier model.},
    Author = {Ganeshan, R.},
    Journal = {International Journal of Production Economics},
    Year = {1999},
    Volume = {59},
    Number = {1-3},
    Pages = {341-354}
}


@incollection{gen2002,
    title = {An introduction to {T}abu {S}earch},
    author = {Gendreau, M},
    booktitle = {Handbook of {M}etaheuristics},
    editor = {Glover, F. and Kochenberger, G.A.},
    Year = {1999},
    Pages = {37-54}
    }

 @book{gloco02,
  author =       "Glover, F. and Kochenberger, G.A.",
  title =        "Handbook of Metaheuristics",
  publisher =    "Kluwer Academic Publishers",
  year =         "2002",
}

 @book{monty05,
  author =       "Montgomery, D.C.",
  title =        "Design and Analysis of Experiments",
  year =         "2005",
  publisher =    "John Wiley and Sons",
}

@ARTICLE {quboiy99,
    Title = {An integrated inventory-transportation system with modified periodic policy for multiple products},
    Author = {Qu, W.W. and Bookbinder, J.H. and Iyogun, P.},
    Journal = {European Journal of Operational Research},
    Year = {1999},
    Volume = {115},
    Number = {2},
    Pages = {254-269}
}

@ARTICLE {rogopomecaro02,
    Title = {Statistical analysis of the main parameters involved in the design of a genetic algorithm},
    Author = {Rojas, I. and  J. Gonzalez and H. Pomares and J. J. Merelo and P. A. Castillo and G. Romero},
    Journal = {IEEE Transactions On Systems Man and Cybernetics Part C - Applications and Reviews},
    Month = {February},
    Year = {2002},
    Volume = {32},
    Number = {1},
    Pages = {31-37}
}

@ARTICLE {speuko94,
    Title = {Minimizing Transportation and Inventory Costs for Several Products on a Single Link},
    Author = {Speranza, M.G. and Ukovich, W.},
    Journal = {Operations Research},
    Year = {1994},
    Volume = {42},
    Number = {5},
    Pages = {879-894}
}

@INPROCEEDINGS {tamapeco2003,
    TITLE={On the influence of {GVR} in vehicle routing},
    AUTHOR={Tavares, J. and Machado, P. and Pereira, F.B. and  Costa, E.},
    BOOKTITLE={Proceedings of the 2003 ACM Symposium on Applied Computing, SAC,
               March 9-12, 2003, Melbourne, FL, USA},
    EDITOR = {},
    PUBLISHER={ACM},
    YEAR={2003},
    PAGES={753-758}
    }

@incollection{cordesdessolsou2002,
    author = {JF Cordeau and  G Desaulniers and J Desrosiers and MM Solomon and F Soumis},
    title = {{VRP} with time windows},
    booktitle =        "The Vehicle Routing Problem",
    year      = {2002},
    chapter = "7",
    pages = "157--193",
    crossref = "tovi02"
}

@incollection{campbellClarkSavelsbergh2002,
  author    = {Ann M Campbell and Lloyd W Clarke and Martin WP Savelsbergh},
  title     = {Inventory Routing in Practice},
  booktitle =        "The Vehicle Routing Problem",
  year      = {2002},
  chapter   = "12",
  pages     = {309--330},
  crossref = "tovi02"
}

 @book{tovi02,
  editor =       "Toth, P. and Vigo, D.",
  title =        "The Vehicle Routing Problem",
  note =        "{SIAM} Monographs on Discrete Mathematics and Applications",
  publisher =    "Society for Industrial and Applied Mathematics, Philadelphia, PA, USA",
  year =         "2002",
}

@ARTICLE {zhawalaxi04,
    Title = {Model and algorithm of an inventory problem with the consideration of transportation cost.},
    Author = {Zhao, Q.H. and Wang, S.Y. and Lai, K.K. and Xia, G.P.},
    Journal = {Computers and Industrial Engineering},
    Year = {2004},
    Volume = {46},
    Number = {2},
    Pages = { 398-397}
}

@article{cetinkaya:vmi,
        author={\c{C}etinkaya, S. and Lee, C. },
        year={2000},
        title={Stock replenishment and shipment scheduling for vendor-managed inventory systems},
        journal={Management Science},
        volume={46},
        number={2},
        pages={217-232},
        url={www.scopus.com},
}

@article{Federgruen:CVRIA,
        author={Federgruen,Awi and Zipkin,Paul},
        year={1984},
        title={COMBINED VEHICLE ROUTING AND INVENTORY ALLOCATION PROBLEM.},
        journal={Operations Research},
        volume={32},
        number={5},
        pages={1019-1037},
        url={www.scopus.com},
}

@article{Sindhuchao:IRS,
 author = {Sombat Sindhuchao and H. Edwin. Romeijn and Elif Ak\c{c}ali and Rein Boondiskulchok},
 title = {An Integrated Inventory-Routing System for Multi-item Joint Replenishment with Limited Vehicle Capacity},
 journal = {J. of Global Optimization},
 volume = {32},
 number = {1},
 year = {2005},
 issn = {0925-5001},
 pages = {93--118},
 doi = {http://dx.doi.org/10.1007/s10898-004-5908-0},
 publisher = {Kluwer Academic Publishers},
 address = {Hingham, MA, USA},
 }

@article{Viswanathan,
 author = {S. Viswanathan and Kamlesh Mathur},
 title = {Integrating routing and inventory decisions in one-warehouse multiretailer multiproduct distribution systems},
 journal = {Manage. Sci.},
 volume = {43},
 number = {3},
 year = {1997},
 issn = {0025-1909},
 pages = {294--312},
 publisher = {INFORMS},
 address = {Institute for Operations Research and the Management Sciences (INFORMS), Linthicum, Maryland, USA},
 }

@ARTICLE{dosSantos,
title={Supply Chain Optimization Using Chaotic Differential Evolution Method},
author={dos Santos Coelho, Leandro and Lopes, Heitor Silverio},
journal={Systems, Man and Cybernetics, 2006. SMC '06. IEEE International Conference on},
year={2006},
volume={4},
number={},
pages={3114-3119},
doi={10.1109/ICSMC.2006.384594},
ISSN={}, }

@book{bodothe99,
  author =       "Bonabeau, E. and Dorigo, M. and Theraulaz, G.",
  title =        "Swarm Intelligence. From Natural to Artificial Systems",
  year =         "1999",
  publisher =    "Oxford University Press"
}

@book{dostu2004,
  author =       "Dorigo, M. and Stutzle, T",
  title =        "Ant Colony Optimization",
  year =         "2004",
  publisher =    "MIT Press"
}

 @inbook{gelapo02,
  author =       "Gendreau, M. and Laporte, G. and Potvin, J.",
  title =        "Methaheuristics for the Capacitated VRP",
  year =         "2002",
  editor =       "Toth, P. and Vigo, D.",
}

@ARTICLE{colriz07,
    title={Ant {C}olony {O}ptimization for Real-world Vehicle Routing Problems},
    author={Coltorti, Dario and Rizzoli, Andrea E},
    journal={SIGEVOlution},
    year={2007},
    volume={2},
    number={2},
    pages={2--9},
    publisher={ACM press},
    url= {http://www.sigevolution.org/}
}
@book{bafomi2000,
    author = {B\"ack, T. and Fogel, D. B. and Michalewicz, Z.},
    title = {Evolutionary Computation 1: Basic Algorithms and Operators},
    publisher = {IOP Publishing Ltd},
    year = {2000}
}

@article{baaye03,
    title = "A genetic algorithm for the vehicle routing problem",
    journal = "Comput. Oper. Res.",
    volume = "30" ,
    number = "5",
    month =   "April",
    year = "2003",
    pages= "787--800",
    ISSN = "0305-0548",
    Author ="Baker, B.M. and Ayechew, M. A.",
    Publisher ="Elsevier Science Ltd"
}

@article{gehela94,
    title = "A tabu search heuristic for the vehicle routing problem",
    journal = "Management Science",
    Volume = "40" ,
    number= "10",
    month = "October",
    Pages= "1276--1290",
    Year = "1994",
    ISSN = "0025-1909",
    Author ="Gendreau, M. and Hertz, A. and Laporte, G.",
    Publisher = "INFORMS"
}
@article{tanchewlee06,
    title ="A Hybrid Multiobjective Evolutionary Algorithm for Solving Vehicle Routing Problem with Time Windows",
    journal = "Computational Optimization and Applications",
    volume ="34" ,
    number = "1",
    month = "May",
    Pages= "115--151",
    Year ="2006",
    ISSN ="0926-6003",
    author = "Tan, KC and Chew, YH and Lee, LH",
    publisher ="Kluwer Academic Publishers"
}
@article{jaskom03,
    author = "Jaszkiewicz, A. and  Kominek, P.",
    year ="2003",
    title = "Genetic local search with distance preserving recombination operator for a vehicle routing problem.",
    journal ="Eur. J. Oper. Res.",
    publisher = "Elsevier",
    volume=  "151",
    number= "2",
    pages= "352-364"
}

@techreport{barajas,
  author = {Barajas, Nicol\'as},
  title = {Estado del arte del problema de ruteo de veh\'iculos ({VRP})},
  institution = {Universidad Nacional de Colombia},
  type = {Informe T\'ecnico},
  year = {2006},
  month = {December},
  url = { http://www.geocities.com/nicolasbarajasseminario/Archivos/EstadoDelArteFinal.pdf }
}

@INPROCEEDINGS {xiqiyoda2006,
    title={An Improved Ant Colony System and Its Application},
    author={Hu Xiang-pei and Ding Qiu-lei and Li Yong-xian and Song Dan},
    booktitle={Computational Intelligence and Security, 2006 International Conference on},
    year={2006},
    month={Nov. },
    pages={384-389},
 }

@InProceedings{wcci:CHAC,
author = {A. M. Mora and  J. J. Merelo and  P. A. Castillo and  J. L. J. Laredo and  C. Cotta},
title = {Influence of Parameters on the Performance of a {MOACO} Algorithm for Solving the Bi-Criteria Military Path-finding Problem},
crossref= {wcci08},
pages =  {3506--3512},
url ={http://atc.ugr.es/I+D+i/congresos/2008/CEC\_2008\_4244.pdf}}

@Proceedings{wcci08,
  title =      {IEEE Congress on Evolutionary Computation (CEC2008)},
  booktitle = {WCCI 2008 Proceedings},
  year =      2008,
  key =         {WCCI 08 Proceedings},
  isbn =         {978-1-4244-1823-7},
  publisher =     {IEEE Press}
}

@inproceedings{nsgaII2000,
 author = {Kalyanmoy Deb and Samir Agrawal and Amrit Pratap and T. Meyarivan},
 title = {A Fast Elitist Non-dominated Sorting Genetic Algorithm for Multi-objective Optimisation: {NSGA-II}},
 booktitle = {PPSN VI: Proceedings of the 6th International Conference on Parallel Problem Solving from Nature},
 year = {2000},
 isbn = {3-540-41056-2},
 pages = {849--858},
 publisher = {Springer-Verlag},
 address = {London, UK},
 }

@ARTICLE{nsgaii02,
    title={A fast and elitist multiobjective genetic algorithm: {NSGA-II}},
    author={Deb, K. and Pratap, A. and Agarwal, S. and Meyarivan, T.},
    journal={IEEE Transactions on Evolutionary Computation},
    year={2002},
    month={April},
    volume={6},
    number={2},
    pages={182-197}
}

@BOOK{coello05,
  AUTHOR =       {Coello Coello, Carlos A. },
  TITLE =        {Evolutionary Multiobjective Optimization. Theoretical Advances and Applications},
  PUBLISHER =    {Springer},
  YEAR =         {2005}
}

@ARTICLE{llagoschu09,
    title={Comparison of Single- And Multiobjective Design of Experiment in Combinatorial Chemistry for the Selective Dehydrogenation of Propane},
    author={Javier Llamas-Galilea and Oliver C. Gobin and Ferdi Sch\"uth},
    journal={J. Comb. Chem.},
    year={2009},
    month={July},
    volume={},
    number={},
    pages={},
    note = {DOI: 10.1021/cc900061d}
}

@TechReport{anais2008,
    author = "Ana Isabel Mart\'inez-Garc\'ia",
    title = "Resoluci\'on del {VRP} utilizando un algoritmo de hormigas",
    type = "Informe Grupo Sistemas Adaptativos Complejos",
    institution = { Instituto Tecnol\'ogico de Inform\'atica, Valencia, Spain},
    number = "ITI-SAC-026",
    year = {2008},
    note = {(in Spanish)}
    }

@ARTICLE{tanetal06,
  AUTHOR =       {K. C. Tan and Y. H. Chew and L. H. Lee},
  TITLE =        {A Hybrid Multiobjective Evolutionary Algorithm for Solving Vehicle Routing Problem With Time Windows},
  JOURNAL =      {Computational Optimization and Applications},
  YEAR =         {2006},
  volume =       {34},
  pages =        {115-151}
}

@article{EVITAjournal,
  author    = {Anna Esparcia-Alc{\'a}zar and
               Juan Juli{\'a}n {Merelo Guerv{\'o}s} and
               Ana\'{\i}s Mart\'{\i}nez-Garc\'{\i}a and
               Pablo Garc\'{\i}a-S{\'a}nchez and
               Eva Alfaro-Cid and
               Ken Sharman},
  title     = {Comparing Single and Multiobjective Evolutionary Approaches
               to the Inventory and Transportation Problem},
  journal   = {CoRR},
  volume    = {abs/0909.3384},
  year      = {2009},
  ee        = {http://arxiv.org/abs/0909.3384},
  bibsource = {DBLP, http://dblp.uni-trier.de}
}

@article{moinsalhi,
    author={N. H. Moin and S. Salhi},
    title={Inventory Routing Problems: A Logistical Overview},
    journal={Journal of the Operational Research Society},
    volume={58},
    year={2007},
    pages={1185-1194}
}


@INPROCEEDINGS{ribeirolourenco,
  AUTHOR =       {R. Ribeiro and H. R. Louren\c{c}o},
  TITLE =        {A New Model and Heuristic for a Multi-Period Inventory-Routing Problem},
  BOOKTITLE =    {Proceeding of the Decision Sciences Institute International Conference, IESE},
  YEAR =         {2005},
  pages =        {403-414},
  address =      {Barcelona, Spain},
}

@ARTICLE{jozefoetal,
  AUTHOR =       {N. Jozefowiez and F. Semet and E. -G. Talbi},
  TITLE =        {Multi-Objective Vehicle Routing Problems},
  JOURNAL =      {Eur J Oper Res},
  YEAR =         {2008},
  volume =       {189},
  pages =        {293-309},
}

@ARTICLE{hemmeletal,
  AUTHOR =       {V. C. Hemmelmayr and K. F. Doerner and R. F. Hartl},
  TITLE =        {A Variable Neighbourhood Search for Periodic Routing Problems},
  JOURNAL =      {Eur J Oper Res},
  YEAR =         {2009},
  volume =       {195},
  pages =        {791-802},
}

@ARTICLE{alegreetal,
  AUTHOR =       {J. Alegre and M. Laguna and J. Pacheco},
  TITLE =        {Optimizing the periodic pick-up of raw materials for a manufacturer of auto parts},
  JOURNAL =      {Eur J Oper Res},
  YEAR =         {2007},
  volume =       {179},
  pages =        {736-746},
}
