
@article{taillard1993,
author = {É. Taillard},
title= {Parallel iterative search methods for vehicle routing problems},
journal= Networks,
volume = {23},
number={ 8},
pages ={661--673},
year= {1993},
doi= {10.1002/net.3230230804}
}

@article{tothvigo2003,
author ={ Paolo Toth and Daniele Vigo },
title = {The {G}ranular {T}abu {S}earch and Its Application to the {V}ehicle-{R}outing {P}roblem},
journal={INFORMS Journal on Computing},
Volume = {15} ,
Number= {4},
Pages ={333--346},
month= {December},
year = {2003}
}

@article{prins2004,
author = {Christian Prins},
title = {A simple and effective evolutionary algorithm for the vehicle routing problem},
journal = {Computers and Operations Research},
Volume =31,
number = 12,
month = {October},
year = {2004},
Pages = {1985-2002}
}

@article{reimanndoernerhartl2004,
title = {D-Ants: Savings Based Ants divide and conquer the vehicle routing problem},
author = {Marc Reimann and Karl Doerner and Richard F. Hartl},
journal = {Computers and Operations Research},
Volume = {31},
number = {4},
month = {April},
year = {2004},
Pages = {563--591}
}

@article{hemmelmayrDoernerHartl2009,
author= {Vera C. Hemmelmayr and Karl F. Doerner and Richard F. Hartl},
title ={A variable neighborhood search heuristic for periodic routing problems},
journal = {European Journal of Operational Research},
Volume = {195},
number = {3},
month ={June},
year ={2009},
Pages= {791--802}
}

@article{alegreLagunaPacheco2007,
title ={Optimizing the periodic pick-up of raw materials for a manufacturer of auto parts},
author = {Jesús Alegre and Manuel Laguna and Joaquín Pacheco},
journal = {European Journal of Operational Research},
Volume = {179},
number = {3},
month = {June},
year = {2007},
Pages={ 736--746}
}

@article{angelelliSperanza2002,
    title = {The periodic vehicle routing problem with intermediate facilities},
    journal = {European Journal of Operational Research},
    Volume ={137}, number = {2},
    month ={March},
    year = {2002},
    Pages = {233--247},
    author = {Enrico Angelelli and Maria Grazia Speranza}
}

@inproceedings{DBLP:conf/gecco/ReimannSD02,
  author    = {Marc Reimann and
               Michael Stummer and
               Karl Doerner},
  title     = {A Savings Based Ant System For The Vehicle Routing Problem},
  booktitle = {GECCO},
  year      = {2002},
  pages     = {1317-1326},
  crossref  = {DBLP:conf/gecco/2002},
  bibsource = {DBLP, http://dblp.uni-trier.de}
}

@proceedings{DBLP:conf/gecco/2002,
  editor    = {William B. Langdon and
               Erick Cant{\'u}-Paz and
               Keith E. Mathias and
               Rajkumar Roy and
               David Davis and
               Riccardo Poli and
               Karthik Balakrishnan and
               Vasant Honavar and
               G{\"u}nter Rudolph and
               Joachim Wegener and
               Larry Bull and
               Mitchell A. Potter and
               Alan C. Schultz and
               Julian F. Miller and
               Edmund K. Burke and
               Natasa Jonoska},
  title     = {GECCO 2002: Proceedings of the Genetic and Evolutionary
               Computation Conference, New York, USA, 9-13 July 2002},
  booktitle = {GECCO},
  publisher = {Morgan Kaufmann},
  year      = {2002},
  isbn      = {1-55860-878-8},
  bibsource = {DBLP, http://dblp.uni-trier.de}
}

@article{francisSmilowitzTzur2006,
    author = {Peter Francis and Karen Smilowitz and Michal Tzur},
    title = {The Period Vehicle Routing Problem with Service Choice},
    journal = {Transportation Science},
    year = {2006},
    volume = {40},
    number = {4},
    pages = {439--454}
    }



@incollection{bertazziSavelsberhSperanza2008,
  author    = {L Bertazzi and MWP Savelsbergh and MG Speranza},
  title     = {Inventory Routing},
  booktitle = "The Vehicle Routing Problem: Latest Advances and New Challenges",
  year      = {2008},
  pages     = {49-72},
  crossref  = {goldenRaghavanWasil2008}
}

@book{goldenRaghavanWasil2008,
    title = {The Vehicle Routing Problem: Latest Advances and New Challenges},
    editor = {Bruce L Golden and S Raghavan and Edward A Wasil},
    publisher = {Springer},
    year = {2008}
    }


@article{wallerJohnsonDavis1999,
    author = {Waller, M. and Johnson, M. E. and Davis, T.},
    title = {Vendor-Managed Inventory in the Retail Supply Chain},
    journal = {Journal of Business Logistics},
    year = {1999},
    volume = {20},
    number = {1},
    pages = {183-203}
    }

@inproceedings{cousineau-ouimet2002,
    author = {Cousineau-Ouimet, K.},
    title = "A Tabu Search Heuristic for the Inventory Routing Problem",
    year = {2002},
    month = {November},
    booktitle = {Proceedings of 37th Annual {ORSNZ} Conference}
}

@article{bardaNananukul2009,
title = {Heuristics for a multiperiod inventory routing problem with production decisions},
author = {Jonathan F. Barda and Narameth Nananukul},
journal = {Computers & Industrial Engineering},
volume = {57},
number = {3},
month = {October},
year = {2009}
}

@techreport{herrmannFomundam2010,
  title = {Solving Continuous Replenishment Inventory Routing Problems with Route Duration Bounds},
  author = {Jeffrey Herrmann, Samuel Fomundam},
  institution = {The Institute for Systems Research, A. James Clark School of Engineering, University of Maryland},
  type = {Isr Technical Report 2010-1},
  year = 2010,
  url = {http://129.2.17.93/drum/bitstream/1903/9784/3/CRIRP.8.pdf }
}

@article{chenLin2009,
title = {A coordinated approach to hedge the risks in stochastic inventory-routing problem},
author = {Yee Ming Chen and Chun-Ta Lin},
journal = {Computers and Industrial Engineering},
Volume = 56,
number = 3,
month = "April",
year = 2009,
Pages = {1095--1112}
}
