@article{laumannsThieleZitzler2006,
    title = {An efficient, adaptive parameter variation scheme for metaheuristics based on the epsilon-constraint method},
    author = {Marco Laumanns and Lothar Thiele and Eckart Zitzler},
    journal = {European Journal of Operational Research},
    Volume ={169},
    number= { 3},
    month = {March},
    year = {2006},
    Pages = {932--942},
    doi = {10.1016/j.ejor.2004.08.029}
}
