@inproceedings{HETEROGENEOUSPARAMETERS,
  author    = {Yiyuan Gong and
               Alex Fukunaga},
  title     = {Distributed island-model genetic algorithms using heterogeneous
               parameter settings},
  booktitle     = {Proceedings of the IEEE Congress on Evolutionary Computation,
               CEC 2011, New Orleans, LA, USA, 5-8 June, 2011},
  publisher = {IEEE},
  year      = {2011},
  pages     = {820-827},

}

 @article{HETEROGENEOUSHARD,
title = {Heterogeneous Computing and Parallel Genetic Algorithms},
journal = {Journal of Parallel and Distributed Computing},
volume = {62},
number = {9},
pages = {1362 - 1385},
year = {2002},
author = {Enrique Alba and Antonio J. Nebro and Jos\'e M. Troya},
}


@inproceedings{goldberg92massive,
    author = "David E. Goldberg and Kalyanmoy Deb and Jeffrey Horn",
    title = "Massive Multimodality, Deception, and Genetic Algorithms",
    booktitle = "Parallel Problem Solving from Nature, 2",
    publisher = "Elsevier Science Publishers, B. V.",
    address = "Amsterdam",
    editor = "{R. M\"{a}nner} and B. Manderick",
    year = "1992",
  pages =    "37-48",
    url = "citeseer.ist.psu.edu/goldberg92massive.html" }

    @incollection{HYDROCM,
year={2013},
booktitle={Hybrid Metaheuristics},
volume={434},
series={Studies in Computational Intelligence},
editor={Talbi, El-Ghazali},
title={{HydroCM}: A Hybrid Parallel Search Model for Heterogeneous Platforms},
publisher={Springer Berlin Heidelberg},
author={Dom\'inguez, Juli\'an and Alba, Enrique},
pages={219-235},
}

@inproceedings{HETEROGENEOUSTOPOLOGY,
 author = {Gong, Yiyuan and Nakamura, Morikazu and Tamaki, Shiro},
 title = {Parallel genetic algorithms on line topology of heterogeneous computing resources},
 booktitle = {Proceedings of the 2005 conference on Genetic and evolutionary computation},
 series = {GECCO '05},
 year = {2005},
pages = {1447--1454},
publisher = {ACM},
 address = {New York, NY, USA},
}

@InProceedings{ONEMAX,
  author =       "J.D. Schaffer and L.J. Eshelman",
  title =        "{On Crossover as an Evolutionary Viable Strategy}",
  editor =       "R.K. Belew and L.B. Booker",
  booktitle =    "{Proceedings of the 4th International Conference on Genetic Algorithms}",
  pages =        "61-68",
  publisher =    "Morgan Kaufmann",
  year =         "1991",
}

@inproceedings{GRID1,
  author    = {Simon J. Cox and
               Matt J. Fairman and
               Gang Xue and
               Jasmin L. Wason and
               Andy J. Keane},
  title     = {The GRID: Computational and Data Resource Sharing in Engineering
               Optimisation and Design Search},
    booktitle     = {30th International Workshops on Parallel Processing (ICPP
               2001 Workshops), 3-7 September 2001, Valencia, Spain},
  year      = {2001},
  pages     = {207-212},
  publisher = {IEEE Computer Society},
}

@article{CLOUD,
 author = {Buyya, Rajkumar and Yeo, Chee Shin and Venugopal, Srikumar and Broberg, James and Brandic, Ivona},
 title = {Cloud computing and emerging IT platforms: Vision, hype, and reality for delivering computing as the 5th utility},
 journal = {Future Gener. Comput. Syst.},
 volume = {25},
 issue = {6},
 month = {June},
 year = {2009},
 issn = {0167-739X},
 pages = {599--616},
 numpages = {18},
 url = {http://portal.acm.org/citation.cfm?id=1528937.1529211},
 doi = {10.1016/j.future.2008.12.001},
 acmid = {1529211},
 publisher = {Elsevier Science Publishers B. V.},
 address = {Amsterdam, The Netherlands, The Netherlands},
 keywords = {Cloud computing, Data Centers, Market-oriented resource allocation, Utility computing, Virtualization},
}

@article{TUTORIAL,
  author    = {Joaqu\'{\i}n Derrac and
               Salvador Garc\'{\i}a and
               Daniel Molina and
               Francisco Herrera},
  title     = {A practical tutorial on the use of nonparametric statistical
               tests as a methodology for comparing evolutionary and swarm
               intelligence algorithms},
  journal   = {Swarm and Evolutionary Computation},
  volume    = {1},
  number    = {1},
  year      = {2011},
  pages     = {3-18},
}

@article{PARAMETERTUNING,
  author    = {A. E. Eiben and
               Selmar K. Smit},
  title     = {Parameter tuning for configuring and analyzing evolutionary
               algorithms},
  journal   = {Swarm and Evolutionary Computation},
  volume    = {1},
  number    = {1},
  year      = {2011},
  pages     = {19-31},
  ee        = {http://dx.doi.org/10.1016/j.swevo.2011.02.001},
  bibsource = {DBLP, http://dblp.uni-trier.de}
}

@inproceedings{EVALUATIONPARALLEL,
author = {Alba, E. and Luque, G.},
title = {Evaluation of Parallel Metaheuristics},
booktitle = {Parallel Problem Solving from Nature (PPSN)}, 
year={2006},
pages={9-14},
series={LNCS},
volume={4193},
editor = {Springer},
}

@article{OSGILIATH,
year={2013},
issn={1432-7643},
journal={Soft Computing},
doi={10.1007/s00500-013-0999-5},
title={Service oriented evolutionary algorithms},
url={http://dx.doi.org/10.1007/s00500-013-0999-5},
publisher={Springer-Verlag},
keywords={Evolutionary algorithms; Service oriented architecture; Service oriented science; Web services; Interoperability; Distributed computing},
author={Garc{\'i}a-S{\'a}nchez, P. and Gonz{\'a}lez, J. and Castillo, P.A. and Arenas, M.G. and Merelo-Guerv{\'o}s, J.J.},
pages={1-17},
language={English},
note={10.1007/s00500-013-0999-5},
}

@article{HETEROGENEOUSMIGRATION,
year={2012},

journal={Applied Intelligence},
volume={36},
issue={4},
title={Designing heterogeneous distributed GAs by efficiently self-adapting the migration period},
publisher={Springer US},
keywords={Distributed GAs; Heterogeneity; Migration period},
author={Salto, Carolina and Alba, Enrique},
pages={800-808},
}

@inproceedings{GLOBUS,
Author = {Foster, I},
Editor = {{Jin, H and Reed, D and Jiang, W}},
Title = {{Globus Toolkit version 4: Software for service-oriented systems}},
Booktitle = {{Network and Parallel Computing Proceedings}},
Series = {{Lecture Notes in Computer Science}},
Year = {{2005}},
Volume = {{3779}},
Pages = {{2-13}},
}

@INPROCEEDINGS{PARALLELIMPLEMENTATION, 
author={Garamendi, J.F. and Bosque, J.L.}, 
booktitle={Parallel and Distributed Processing Symposium, 2006. IPDPS 2006. 20th International}, title={Parallel implementation of evolutionary strategies on heterogeneous clusters with load balancing}, 
year={2006}, 
month={april}, 
volume={}, 
number={}, 
pages={8 pp.}, 
}

@misc{OSGI,
	author={{OSGi Alliance}},
	year={2010},
	title={{OSGi} Service Platform Release 4.2},
	note={Available at: \url{http://www.osgi.org/Release4/Download}}}

@book{PROCESSING,
	Author = {Reas, C. and Fry, B.},
	Isbn = {9780262182621},
	Lccn = {06034768},
	Publisher = {Mit Press},
	Series = {Working paper series (National Bureau of Economic Research)},
	Title = {Processing: A Programming Handbook for Visual Designers and Artists},
	Url = {http://books.google.es/books?id=tqW75bfJkxIC},
	Year = {2007},
	Bdsk-Url-1 = {http://books.google.es/books?id=tqW75bfJkxIC}}

@article{SERVICEORIENTEDSCIENCE05,
  title={Service-oriented science},
  author={Foster, I.},
  journal={Science},
  volume={308},
  number={5723},
  pages={814},
  year={2005},
  publisher={American Association for the Advancement of Science}
}

@article {SURVEYMOFS,

   author = {Parejo, Jos{\'e} and Ruiz-Cort{\'e}s, Antonio and Lozano, Sebasti{\'a}n and Fernandez, Pablo},

   affiliation = {University of Sevilla, Seville, Spain},

   title = {Metaheuristic optimization frameworks: a survey and benchmarking},

   journal = {Soft Computing - A Fusion of Foundations, Methodologies and Applications},

   publisher = {Springer Berlin / Heidelberg},

   issn = {1432-7643},

   keyword = {Engineering},

   pages = {527-561},

   volume = {16},

   issue = {3},

   url = {http://dx.doi.org/10.1007/s00500-011-0754-8},

   note = {10.1007/s00500-011-0754-8},

   year = {2012}

}


@book{EVOART,
	Author = {Corne, David W and Bentley, Peter J},
	Publisher = {Morgan Kaufmann},
	Title = {Creative evolutionary systems},
	Year = {2001}}

@article{GENERICITY05,
  title={Genericity in evolutionary computation software tools: Principles and case-study},
  author={Gagn{\'e}, C. and Parizeau, M.},
  journal={International Journal on Artificial Intelligence Tools},
  volume={15},
  number={2},
  pages={173},
  year={2006},
  publisher={Citeseer}
}
