@INPROCEEDINGS{MUSES_SAC_14_anonymous,
	AUTHOR       = "Authors",
	TITLE        = "{MUSES description}",
	BOOKTITLE    = "Proceedings of an Anonymous Conference 2014",
	YEAR         = "2014",
	EDITOR       = "Anonymous et al.",
	PAGES        = "XX--YY"
}

@ARTICLE{Opp_Security11,
	AUTHOR = "R. Oppliger",
	TITLE = "Security and Privacy in an Online World",
	JOURNAL = "IEEE Computer",
	VOLUME = {44},
	NUMBER = {9},
	PAGES = {21-22},
	MONTH = "September",
	YEAR = {2011}	
}

@INBOOK{BYOD13,
	AUTHOR       = "Bacik, S.",
	TITLE        = "Information Security Management Handbook",
	CHAPTER      = {Security Implications of Bring Your Own Device, IT Consumerization, and Managing User Choices},
	PAGES    = "133--142",
	YEAR         = "2013",
	VOLUME       = "7",
	EDITION      = "Sixth"
}

@TECHREPORT{MIT05,
	AUTHOR       = "Lippmann, R.P. and Ingols, K.W. and Scott, C. and Piwowarski, K. and Kratkiewicz, K.J. and Artz, M. and Cunningham, R.K.",
	TITLE        = "Evaluating and Strengthening Enterprise
Network Security Using Attack Graphs",
	INSTITUTION  = "Massachusetts Institute of Technology",
	YEAR         = "2005",
	TYPE         = "Project Report IA-2",
	ADDRESS      = "Lincoln Laboratory",
	MONTH        = "October"
}

@INPROCEEDINGS{android11,
	AUTHOR       = "Orthacker, C. and Teufl, P. and Kraxberger, S. and Lackner, G. and Gissing, M. and Marsalek, A. and Leibetseder, J. and Prevenhueber, O.",
	TITLE        = "Android Security Permissions - Can We Trust Them?",
	BOOKTITLE    = "MobiSec Session on Smartphone Security",
	YEAR         = "2011",
	ADDRESS      = "Aalborg"
}

@INBOOK{SecPolComp07,
	AUTHOR       = "Siponen, M. and Pahnila, S. and Mahmood, A.",
	TITLE        = "{New Approaches for Security, Privacy and Trust in Complex Environments}",
	CHAPTER      = "{Employees' adherence to information security policies: an empirical study}",
	PUBLISHER    = "IFIP International Federation for Information Processing",
	YEAR         = "2007",
	VOLUME       = "232",
	PAGES       = "133--144"
}

@ARTICLE{SecPolComp09,
	AUTHOR       = "Shaw, R.S. and Chen, C.C. and Harris, A.L. and Huang, H.-J.",
	TITLE        = "The impact of information richness on information security 
awareness training effectiveness",
	JOURNAL      = "Computers \& Education",
	YEAR         = "2009",
	VOLUME       = "52",
	PAGES        = "92--100"
}

@ARTICLE{SecPolPenalty09,
	AUTHOR       = "Herath, T. and Rao, H.R.",
	TITLE        = "Protection motivation and deterrence: a framework for security policy compliance in organisations",
	JOURNAL      = "European Journal of Information Systems",
	YEAR         = "2009",
	VOLUME       = "18",
	PAGES        = "106--125"
}

@ARTICLE{SecPolComp10,
	AUTHOR       = "Bulgurcu, B. and Cavusoglu, H. and Benbasat, I.",
	TITLE        = "Information security policy compliance: an empirical study of rationality-based beliefs and information security awareness",
	JOURNAL      = "MIS Quarterly",
	YEAR         = "2010",
	VOLUME       = "34",
	NUMBER       = "3",
	PAGES        = "523--548"
}

@INPROCEEDINGS{SecPolComp12,
	AUTHOR       = "Al-Omari, A. and El-Gayar, O. and Deokar, A. and Walters, J.",
	TITLE        = "Security Policy Compliance: User Acceptance Perspective",
	BOOKTITLE    = "45th Hawaii International Conference on System Sciences",
	YEAR         = "2012",
	PAGES        = "3317--3326",
	PUBLISHER    = "IEEE Press"
}


%--------------------------------------------------------

@article{cybersecurity_AI_08,
author = {Carl E. Landwehr},
title = {Cybersecurity and Artificial Intelligence: From Fixing the Plumbing to Smart Water},
journal ={IEEE Security & Privacy},
volume = {6},
number = {5},
issn = {1540-7993},
year = {2008},
pages = {3-4},
doi = {http://doi.ieeecomputersociety.org/10.1109/MSP.2008.113},
publisher = {IEEE Computer Society},
address = {Los Alamitos, CA, USA},
}

@book{AAI_book_2009,
 author = {Solanas, Agusti and Martnez-bal, Antoni},
 title = {Advances in Artificial Intelligence for Privacy Protection and Security},
 year = {2009},
 isbn = {9789812790323, 9812790322},
 publisher = {World Scientific Publishing Co., Inc.},
 address = {River Edge, NJ, USA},
} 

@INBOOK{GAs_security_protocols_10,
	AUTHOR       = "Zarza, Luis and Forné Muñoz, Jorge and Pegueroles Vallés, Josep R. and Soriano Ibáñez, Miguel",
	TITLE        = "Advances in artificial intelligence for privacy protection and security",
	CHAPTER      = "Genetic algorithms for designing network security protocols",
	PUBLISHER    = "World Scientific",
	YEAR         = "2010",
	PAGES       = "325--358"
}

@inproceedings{eval_security_gas_07,
 author = {Zarza, Luis and Pegueroles, Josep and Soriano, Miguel},
 title = {Evaluation Function for Synthesizing Security Protocols by Means of Genetic Algorithms},
 booktitle = {Proceedings of the The Second International Conference on Availability, Reliability and Security},
 series = {ARES '07},
 year = {2007},
 isbn = {0-7695-2775-2},
 pages = {1207--1213},
 numpages = {7},
 url = {http://dx.doi.org/10.1109/ARES.2007.83},
 doi = {10.1109/ARES.2007.83},
 acmid = {1250545},
 publisher = {IEEE Computer Society},
 address = {Washington, DC, USA},
} 

@inproceedings{binary_strings_sec_prot_gas_07,
 author = {Zarza, Luis and Pegueroles, Josep and Soriano, Miguel},
 title = {Interpretation of Binary Strings As Security Protocols for Their Evolution by Means of Genetic Algorithms},
 booktitle = {Proceedings of the 18th International Conference on Database and Expert Systems Applications},
 series = {DEXA '07},
 year = {2007},
 isbn = {0-7695-2932-1},
 pages = {708--712},
 numpages = {5},
 url = {http://dx.doi.org/10.1109/DEXA.2007.95},
 doi = {10.1109/DEXA.2007.95},
 acmid = {1302596},
 publisher = {IEEE Computer Society},
 address = {Washington, DC, USA},
}

@article{improv_net_sec_ga_07,
 author = {Bankovi\'{c}, Zorana and Stepanovi\'{c}, Du\v{s}an and Bojani\'{c}, Slobodan and Nieto-Taladriz, Octavio},
 title = {Improving Network Security Using Genetic Algorithm Approach},
 journal = {Comput. Electr. Eng.},
 issue_date = {September, 2007},
 volume = {33},
 number = {5-6},
 month = sep,
 year = {2007},
 issn = {0045-7906},
 pages = {438--451},
 numpages = {14},
 url = {http://dx.doi.org/10.1016/j.compeleceng.2007.05.010},
 doi = {10.1016/j.compeleceng.2007.05.010},
 acmid = {1290565},
 publisher = {Pergamon Press, Inc.},
 address = {Tarrytown, NY, USA},
 keywords = {Genetic algorithm, Intrusion detection, Principal component analysis},
}

























@book{GP_Koza92,
    author  = {J. R. Koza},
    title   = {Genetic Programming: On the programming of computers by means of natural selection},
    publisher   = {MIT Press},
    year    = 1992,
    address = {Cambridge, MA},
}

@book{GAs_Michalewicz96,
	title = {Genetic Algorithms + Data Structures = Evolution Programs},
	author = {Zbigniew Michalewicz},
	publisher = {Springer},
	edition= "Third",
	year = {1996}
}

@book{GAs_Goldberg89,
  author = 	 "David E. Goldberg",
  title = 	 "Genetic Algorithms in search, optimization and
		  machine learning",
  publisher = 	 "Addison Wesley",
  year = 	 1989
}

@inproceedings{Genitor_whitley,
  added-at = {2008-02-26T11:58:58.000+0100},
  author = {Whitley, Darrell and Kauth, Joan},
  biburl = {http://www.bibsonomy.org/bibtex/29a0dbd2f7b4d86821e7448581ffe4cbc/schaul},
  booktitle = {Proceedings of the 1988 Rocky Mountain Conference on Artificial Intelligence},
  citeulike-article-id = {2379756},
  description = {idsia},
  interhash = {3192acc12cc04b71f42e764c9bc3a89a},
  intrahash = {9a0dbd2f7b4d86821e7448581ffe4cbc},
  keywords = {nn},
  organization = {Computer Science Department, Colorado State University},
  pages = {118--130},
  priority = {2},
  timestamp = {2008-02-26T11:58:58.000+0100},
  title = {{GENITOR}: {A} Different Genetic Algorithm},
  year = 1988
}



@BOOK{FSM_Booth,
	AUTHOR       = "Taylor L. Booth",
	TITLE        = "Sequential Machines and Automata Theory",
	PUBLISHER    = "John Wiley and Sons, Inc.",
	YEAR         = "1967",
	ADDRESS      = "New York",
	EDITION      = "1st"
}


@ARTICLE{Herrera03ataxonomy, 
author = {F. Herrera and M. Lozano and A. M. Sánchez}, 
title = {A taxonomy for the crossover operator for real-coded genetic algorithms: An experimental study}, 
journal = {International Journal of Intelligent Systems}, 
year = {2003}, 
volume = {18}, 
pages = {309--338} 
}
@Book{EvoCompII, 
title = {Evolutionary Computation 2: Advanced Algorithms and Operations}, 
publisher = {Taylor and Francis; 1st edition}, 
year = {2000}, 
editor = {Thomas Back and D. B. Fogel and Z. Michalewicz}, 
edition = {1}, 
isbn = {978-0750306652}, 
} 
@Book{EvoCompI, 
title = {Evolutionary Computation 1: Basic Algorithms and Operators}, 
publisher = {Taylor and Francis; 1st edition}, 
year = {2000}, 
editor = {Thomas Back and D. B. Fogel and Z. Michalewicz}, 
edition = {1}, 
isbn = {978-0750306645}, 
} 

@Book{EAs_Back96,
  author =    "T. Back",
  title =     "Evolutionary algorithms in theory and practice",
  publisher = "Oxford University Press",
  year =      1996
}

@Book{Michalewicz92,
  author =    "Z. Michalewicz",
  title =     "Genetic Algorithms + Data Structures = Evolution Programs",
  publisher = "Springer-Verlag",
  year =      1992
}

@Book{Michalewicz96,
  author =    "Z. Michalewicz",
  title =     "Genetic Algorithms + Data Structures = Evolution
		  Programs , Third, Extended Edition",
  publisher = "Springer-Verlag",
  year =      1996
}


@Book{MelanieMitchell98,
  author =    "Melanie Mitchell",
  title =     "An Introduction to Genetic Algorithms (Complex Adaptive Systems) ",
  publisher = "The MIT Press",
  isbn = "978-0262631853",
  year =      1998
}
@Book{Michalewicz2004,
  author =    "Z. Michalewicz and D.B. Fogel",
  title =     "How to Solve It: Modern Heuristics",
  edition= "2",
  publisher = "Springer-Verlag",
  isbn = "978-3540660613",
  year =      2004
}


% -------------- Data Mining and Machine Learning ----------------

@ARTICLE{PatternMining_Han07,
	 author = {Han, Jiawei and Cheng, Hong and Xin, Dong and Yan, Xifeng},
 title = {Frequent Pattern Mining: Current Status and Future Directions},
 journal = {Data Min. Knowl. Discov.},
 volume = {15},
 number = {1},
 year = {2007},
 pages = {55--86},
 publisher = {Kluwer Academic Publishers},
 address = {Hingham, MA, USA}
} 

@article{FeatureSelection_Guyon03,
 author = {Guyon, Isabelle and Elisseeff, Andr{\'e}},
 title = {An Introduction to Variable and Feature Selection},
 journal = {J. Mach. Learn. Res.},
 volume = {3},
 year = {2003},
 pages = {1157--1182},
 publisher = {JMLR.org}
} 

@article{Clustering_Jain99,
 author = {Jain, A. K. and Murty, M. N. and Flynn, P. J.},
 title = {Data Clustering: A Review},
 journal = {ACM Comput. Surv.},
 issue_date = {Sept. 1999},
 volume = {31},
 number = {3},
 month = sep,
 year = {1999},
 pages = {264--323},
 publisher = {ACM}
} 

@ARTICLE{Clustering_Xu05,
	AUTHOR       = "R. Xu and D. Wunsch",
	TITLE        = "Survey of clustering algorithms",
	JOURNAL      = "IEEE Transactions on Neural Networks",
	YEAR         = "2005",
	VOLUME       = "16",
	NUMBER       = "3",
	PAGES        = "645--678"
}

@BOOK{MachineLearning_Bishop06,
	AUTHOR       = "C.M. Bishop",
	TITLE        = "Pattern recognition and Machine Learning",
	PUBLISHER    = "Springer",
	YEAR         = "2006"
}

@ARTICLE{DataMining_Lee01,
	AUTHOR       = "Sang Jun Lee and Keng Siau",
	TITLE        = "A review of data mining techniques",
	JOURNAL      = "Industrial Management \& Data Systems",
	YEAR         = "2001",
	VOLUME       = "101",
	NUMBER       = "1",
	PAGES        = "41--46"
}
