@inproceedings{HETEROGENEOUS,
  author    = {Yiyuan Gong and
               Alex Fukunaga},
  title     = {Distributed island-model genetic algorithms using heterogeneous
               parameter settings},
  booktitle     = {Proceedings of the IEEE Congress on Evolutionary Computation,
               CEC 2011, New Orleans, LA, USA, 5-8 June, 2011},
  publisher = {IEEE},
  year      = {2011},
  year      = {2011},
  pages     = {820-827},

}
