@InProceedings{angeline93competitive,
    author =    "Angeline, P. and Pollack, J.",
    year =      "1993",
    title =     "Competitive Environments Evolve Better Solutions for Complex Tasks",
    editor =    "S. Forrest",
    booktitle = "Proceedings of the Fifth International Conference on Genetic Algorithms",
    publisher =  "Morgan Kaufmann",
    pages =     "264-270"
}


@Unpublished{Merelo-MM,
  author =   "J. J. Merelo",
  title =    "Genetic {M}astermind, a case of dynamic constraint optimization",
  note =     "{G}eNeura Technical Report G-96-1, Universidad de Granada",
  year =     1996
}

@Book{Prolog,
  author =   "Leon Sterling and Ehud Shapiro",
  title =    "The Art of Prolog: Advanced Programming Techniques",
  publisher =    "MIT press",
  year =     1986
}

@Article{Knuth,
  author =   "Donald E. Knuth",
  title =    "The Computer as {M}aster {M}ind",
  journal =  "J. Recreational Mathematics",
  year =     "1976-77",
  volume =   9,
  number = 1,
  pages =    "1--6"
}

@Article{Koyama,
  author =   "Kenji Koyama and T. W. Lai",
  title =    "An optimal {M}astermind Strategy",
  journal =  "J. Recreational Mathematics",
volume = 25,
number = 4,
  year =     "1993/1994"
}


@Unpublished{Widenius,
  author =   "Marc Aldebert and Risto Widenius",
  title =    "MasterMind",
  note =     {Newsgroup {\tt comp.ai.games}, archived at \url{https://groups.google.com/d/topic/comp.ai.games/FVOEABY4gbQ/discussion}},
  year=1995
}

@Unpublished{Timonen,
  author =   "Vesa Timonen",
  title =    "Mastermind",
  note =     "newsgroup {\tt comp.ai.games}, archived at {\tt http://www.krl.caltech.edu/\~{}brown/alife/news/ai-games-html/1299.html}"
}


@Unpublished{Koning,
  author =   "Melle Koning",
  title =    "Mastermind",
  note =     "newsgroup {\tt comp.ai.games}, archived at {\tt http://www.krl.caltech.edu/\~{}brown/alife/news/ai-games-html/0370.html}"
}

@Unpublished{Cooper,
  author =   "Tim Cooper",
  title =    "Mastermind",
  note =     "newsgroup {\tt comp.ai.games}, archived at {\tt http://www.krl.caltech.edu/\~{}brown/alife/news/ai-games-html/0313.html}"
}

@Article{Chvatal,
  author =   "V. Chvatal",
  title =    "Mastermind",
  journal =  "Combinatorica",
  year =     1983,
  volume =   3,
  number =   "3-4",
  pages =    "325--329"
}


@Article{Viaud1,
  author =   "Viaud, D.",
  title =    "Une strategie generale pour jouer au {M}astermind",
  journal =  "RAIRO-Recherche Operationelle",
  year =     1987,
  volume =   21,
  number =   1,
  pages =    "87-100"
}

@Article{Viaud2,
  author =   "Viaud, D.",
  title =    "Une formalisation du jeu de {M}astermind",
  journal =  "RAIRO-Recherche Operationelle",
  year =     1979,
  volume =   13,
  number =   3,
  pages =    "307-321"
}

@Article{Neuwirth,
  author =   "Neuwirth,E.",
  title =    "Some strategies for {M}astermind",
  journal =  "Zeitschrift fur Operations Research. Serie B",
  year =     1982,
  volume =   26,
  number =   8,
  pages =    "B257--B278"
}

@Article{Montgomery,
  author =   "G. Montgomery",
  title =    "Mastermind: Improving the search",
  journal =  "AI Expert",
  year =     1992,
  volume =   7,
  number =   4,
  pages =    "40--47"
}

@inproceedings{Baum95,
 author = {Eric B. Baum and Dan Boneh and Charles Garrett},
 title = {On genetic algorithms},
 booktitle = {Proceedings of the eighth annual conference on Computational learning theory},
 year = {1995},
 isbn = {0-89791-723-5},
 pages = {230--239},
 location = {Santa Cruz, California, United States},
 doi = {http://doi.acm.org/10.1145/225298.225326},
 publisher = {ACM Press},
  note =     {Expanded version: "Where Genetic Algorithms Excel"}
}

@Unpublished{mmfaq,
  author =   {sci.math FAQ maintainer},
  title =    {Master Mind},
  note =     {Available as {\sf sci-math-faq/mastermind} from the FAQ archives, such as {\sf http://www.faqs.org/faqs}}
}


@Unpublished{Pope,
  author =   {Steve Pope},
  title =    {Re: Basic Mastermind decryption},
  note =     {Posting in the {\sf sci.math} and {\sf sci.crypt}
                  newsgroups, available from {\sf
                  http://www.math.niu.edu/\~rusin/uses-math/games/mastermind/usenet.posts} and from {\sf http://www.deja.com}  }
}


@InProceedings{chen96,
  author =   {Zhixiang Chen and Carlos Cunha amd Steven Homer},
  title =    {Finding a hidden code by asking questions},
  booktitle =    {COCOON'96, Computing and Combinatorics},
  pages =    {50--55},
  year =     1996
}

@Manual{mastermind:inst,
  title =    {Mastermind: The Challenging Game of Logic and Deduction
For 2 players ages 8 to adult},
  organization = {Pressman Toys, Ltd},
  annote =   {Available from {\sf http://www.pressmantoy.com/instructions/instruct_mastermind.html} }
}

@inproceedings{ stephan95learning,
    author = "Stephan",
    title = "Learning via Queries and Oracles",
    booktitle = "{COLT}: Proceedings of the Workshop on Computational Learning Theory, Morgan Kaufmann Publishers",
    year = "1995",
    url = "citeseer.nj.nec.com/article/stephan96learning.html" }

@inproceedings{ rudnick94sequential,
    author = "Elizabeth M. Rudnick and Janak H. Patel and Gary S. Greenstein and Thomas M. Niermann",
    title = "Sequential Circuit Test Generation in a Genetic Algorithm Framework",
    booktitle = "Design Automation Conference",
    pages = "698-704",
    year = "1994",
    url = "citeseer.nj.nec.com/rudnick94sequential.html" }

@article{ biham91differential,
    author = "Eli Biham and Adi Shamir",
    title = "Differential Cryptanalysis of {Snefru}, {Khafre}, {REDOC-{II}}, {LOKI} and {Lucifer} (Extended Abstract)",
    journal = "Lecture Notes in Computer Science",
    volume = "576",
    pages = "156--??",
    year = "1991",
    url = "citeseer.nj.nec.com/biham91differential.html" }

@Misc{games_ai,
  title =    {"{C}lassic" Games and {AI}},
  howpublished = {Available from {\sf http://www.gameai.com/clagames.html}}
}

@techreport{baumbonehgarrett95a,
    author = "Eric B. Baum and Dan Boneh and Charles Garrett",
    title = "Where Genetic Algorithms Excel",
    year = "1995",
    institution = "NEC Research Institute",
    address = "4 Independece Way, Princeton, NJ 08540",
    url = "citeseer.nj.nec.com/baum95where.html" }

@Misc{strobl,
  author =    {Jan Strobl},
  title =    {How To Build a Calculator for Master Minds},
 howpublished = {Available from {\sf http://www.mystrobl.de/ws/pic/mm47/}}
}

@Inproceedings{bento,
author = {Luis Bento and Luisa Pereira and Agostinho Rosa},
title = { Mastermind by evolutionary algorithms},
booktitle= { Procs SAC 99},
year = {1999},
pages =  {307--311}
}

@Article{grant98,
  author =   {Felix Grant},
  title =    {Artificial life begins its own evolution},
  journal =      {Scientific Computing World},
  year =     1998,
  month =    {September},
  note =     {Available from {\sf http://www.raygirvan.co.uk/apoth/bl9809.htm}}
}


@Book{turban99,
  author =   {Efraim Turban and Jay E. Aronson},
  title =    {Decision Support Systems and Intelligent Systems},
  publisher =    {Prentice Hall},
  year =     1999,
  note =     {Mentions "J. J. Merelo's mastermind" in Chapter 18, as an "exercise site"}
}

@MastersThesis{rosu99,
  author =   {Radu T. Rosu},
  title =    {Mastermind},
  school =   {NCSU},
  year =     1999,
  note =     {Available from {\sf http://www.csc.ncsu.edu/degrees/undergrad/Reports/rtrosu/heuristic.htm } }
}

@Article{bestavros,
  author =   {Azer Bestavros and Ahmed Belal},
  title =    {Mastermind, a game of diagnosis strategies},
  journal =      {Bulletin of the Faculty of Engineering, Alexandria University},
  year =     1986,
  month =    {December},
    url = "http://citeseer.ist.psu.edu/bestavros86mastermind.html"
}

@InProceedings{kalisker03,
  author =   {Tom Kalisker and Doug Camens},
  title =    {Solving {M}astermind Using Genetic Algorithms},
  booktitle =    {Genetic and Evolutionary Computation Conference 2003},
  pages =    {1590--1591},
  year =     2003,
  editor =   {Erick Cant√∫-Paz and others},
  volume =   2724,
  series =   { Lecture Notes in Computer Science },
  organization = {Springer Verlag}
}


@InProceedings{roche97,
  author =   {Roche, J.R.},
  title =    {The value of adaptive questions in generalized Mastermind},
  booktitle =    {Information Theory. 1997. Proceedings., 1997 IEEE International Symposium on},
  year =     1997,
  pages =  {135},
  note =	 {{URL}: {\sf http://ieeexplore.ieee.org/iel3/4845/13396/00613050.pdf}}
}

@Article{flood,
  author = 	 {M. M. Flood},
  title = 	 {Mastermind strategy},
  journal = 	 {Journal of Recreational Mathematics},
  year = 	 {1985-1986},
  volume =	 18,
  number =	 3,
  pages =	 {194--202}
}


@Article{lo,
  author = 	 {K.-I. Ko and S.-C. Teng},
  title = 	 {On the number of queries necessary to identify a permutation},
  journal = 	 {Journal of Algorithms},
  year = 	 1986,
  volume =	 7,
  number =	 4,
  pages =	 {449--462},
  month =	 {December}
}

@article{irving,
author = {R. W. Irving},
title ={ Towards an optimum {M}astermind strategy},
journal= {Journal of Recreational Mathematics}, 
volume = 11,
number = 2,
pages = {81--87}, 
year = {1978-79}
}

@Misc{mathcrypt,
  author =	 {Timothy Y Chow},
  title =	 {Re: Basic MasterMind decryption},
  howpublished = {Available from {\sf http://groups.google.es/groups?selm=3kkmcc\%24d7p\%40senator-bedfellow.MIT.EDU\&output=gplain}},
  month =	 {Mar},
  year =	 1995
}

@InProceedings{moo,
  author = 	 {Tetsuro Tanaka},
  title = 	 {An optimal {MOO} strategy},
  booktitle = 	 {Proc. of Game Programming Workshop in Japan`96},
  pages =	 {202-209},
  year =	 1996,
  note =	 {In Japanese}
}

@Article{tanev04:_hybrid,
  author = 	 {Ivan T. Tanev and Takashi Uozumi and Yoshiharu Morotome},
  title = 	 {Hybrid evolutionary algorithm-based real-world flexible job shop scheduling problem: application service provider approach},
  journal = 	 { Applied Soft Computing},
  year = 	 2004,
  volume =	 5,
  number =	 1,
  pages =	 {87--100},
  month =	 {December},
}


@Article{chang03:_genet_bopp,
  author ={Pei-Chann Chang and Jih-Chang Hsieh and Yen-Wen Wang},
 title ={Genetic algorithms applied in BOPP film scheduling problems: minimizing total absolute deviation and setup times}, 
journal= {Applied Soft Computing},
volume =3, 
number=2, 
month={September},
year=2003, 
pages={139--148},
}

@Article{salami03,
author={Mehrdad Salami and Tim Hendtlass}, 
title={A fast evaluation strategy for evolutionary algorithms},
journal={Applied Soft Computing}, 
volume= 2, 
number= 3,
month= {January},
year={ 2003}, 
pages={156--173},
}

@ARTICLE{Kooi200513,
author={Kooi, B.},
title={Yet another {M}astermind strategy},
journal={ICGA Journal},
year={2005},
volume={28},
number={1},
pages={13-20},
document_type={Review},
}

@ARTICLE{Berghman20091880,
author={Berghman, L. and  Goossens, D. and Leus, R.},
title={Efficient solutions for {M}astermind using genetic algorithms},
journal={Computers and Operations Research},
year={2009},
volume={36},
number={6},
pages={1880-1885},
document_type={Article},
}

@ARTICLE{Jaeger2009635,
author={J\=ager, G., Peczarski, M.},
title={The number of pessimistic guesses in {G}eneralized {M}astermind},
journal={Information Processing Letters},
year={2009},
volume={109},
number={12},
pages={635-641},
url={http://www.scopus.com/inward/record.url?eid=2-s2.0-62749164537},
document_type={Article},
}

@CONFERENCE{Abreu2008205,
author={Abreu, P., Mendes, P.},
title={Mastermind: An augment reality approach},
journal={Proceedings - 3rd International Conference on Digital Interactive Media in Entertainment and Arts, DIMEA 2008},
year={2008},
pages={205-210},
@url={http://www.scopus.com/inward/record.url?eid=2-s2.0-62849084077},

}

@ARTICLE{Huang2007143,
author={Huang, L.-T. and Chen, S.-T. and Huang, S.-C. and Lin, S.-S.},
title={An efficient approach to solve mastermind optimally},
journal={ICGA Journal},
year={2007},
volume={30},
number={3},
pages={143-149},

}

@ARTICLE{Chen2007435,
author={Chen, S.-T. and Lin, S.-S. and Huang, L.-T.},
title={A two-phase optimization algorithm for mastermind},
journal={Computer Journal},
year={2007},
volume={50},
number={4},
pages={435-443},
@url={http://www.scopus.com/inward/record.url?eid=2-s2.0-34447499942},

}
@ARTICLE{Kendall200813,
author={Kendall, G. and Parkes, A. and Spoerer, K.},
title={A Survey of {NP}-Complete puzzles},
journal={ICGA Journal},
year={2008},
volume={31},
number={1},
pages={13-34},
document_type={Review},
}

@misc{wiki:mm,
   author = "Wikipedia",
   title = "Mastermind (board game) --- {W}ikipedia{,} {T}he {F}ree {E}ncyclopedia",
   year = "2009",
   url =  {http://sl.ugr.es/001X}

 }

@article{abs-cs-0512049,
  author    = {Jeff Stuckman and Guo-Qiang Zhang},
  title     = {Mastermind is {NP}-Complete},
    journal={INFOCOMP J. Comput. Sci},
  volume={5},
  pages={25--28},
  year={2006},
  url        = {http://arxiv.org/abs/cs/0512049},
  bibsource = {DBLP, http://dblp.uni-trier.de}
}

@article{goddard2003static,
  title={{Static mastermind}},
  author={Goddard, W.},
  journal={Journal of Combinatorial Mathematics and Combinatorial Computing},
  volume={47},
  pages={225--236},
  year={2003},
  publisher={Citeseer}
}

@article{milani2009community,
  title={{Community Adaptive Search Engines}},
  author={Milani, A. and Leung, C. and Chan, A.},
  journal={International Journal of Advanced Intelligence Paradigms},
  volume={1},
  number={4},
  pages={432--443},
  year={2009},
  publisher={Inderscience}
}

@conference{temporel2003heuristic,
  title={{A heuristic hill climbing algorithm for {M}astermind}},
  author={Temporel, A. and Kovacs, T.},
  booktitle={Proceedings of the 2003 UK Workshop on Computational Intelligence (UKCI-03)},
  pages={189--196},
  year={2003},
  organization={Citeseer}
}

@article{eda,
  title={{From recombination of genes to the estimation of distributions: I. binary parameters}},
  author={M{\"u}hlenbein, H. and Paass, G.},
  journal={Lecture notes in computer science},
  volume={1141},
  pages={178--187},
  year={1996},
  publisher={Citeseer}
}

@article{goddard2003computer,
  title={{A computer/human Mastermind player using grids}},
  author={Goddard, W.},
  journal={South African Computer Journal},
  volume={30},
  pages={3--8},
  year={2003},
  publisher={Citeseer}
}

@techreport{heeffer-near,
  title={NEAR-OPTIMAL STRATEGIES FOR THE GAME OF {L}OGIK},
  author={Heeffer, A.H.H. and Heeffer, H.},
  url={http://logica.ugent.be/albrecht/thesis/Logik.pdf},
  institution={Gent University},
  year={2007}
}

@article{goodrich2009algorithmic,
  title={{On the algorithmic complexity of the Mastermind game with black-peg results}},
  author={Goodrich, M.T.},
  journal={Information Processing Letters},
  volume={109},
  number={13},
  pages={675--678},
  year={2009},
  publisher={Elsevier}
}

@article{goodrich2009learning,
  title={Learning Character Strings via Mastermind Queries, with a Case Study Involving mtDNA},
  author={Goodrich, M.},
  year={2009},
  publisher={IEEE}
}

@inproceedings{goodrich2009mastermind,
  title={The mastermind attack on genomic data},
  author={Goodrich, M.T.},
  booktitle={Security and Privacy, 2009 30th IEEE Symposium on},
  pages={204--218},
  year={2009},
  organization={IEEE}
}

@InProceedings{vomlel2004bayesian,
  title={{Bayesian networks in mastermind}},
  author={Vomlel, J.},
  booktitle={Proceedings of the 7th Czech-Japan Seminar},
  year={2004},
  organization={Citeseer}
}


@inproceedings{1364300,
 author = {da Fonseca, Jos\'{e} Barahona},
 title = {Simulating a human playing mastermind introducing noise in anti-mind algorithm},
 booktitle = {AIKED'06: Proceedings of the 5th WSEAS International Conference on Artificial Intelligence, Knowledge Engineering and Data Bases},
 year = {2006},
 isbn = {111-2222-33-9},
 pages = {225--230},
 location = {Madrid, Spain},
 publisher = {World Scientific and Engineering Academy and Society (WSEAS)},
 address = {Stevens Point, Wisconsin, USA},
 }

@article{1056607,
 author = {Rao, T. Mahadeva},
 title = {An algorithm to play the game of mastermind},
 journal = {SIGART Bull.},
 number = {82},
 year = {1982},
 issn = {0163-5719},
 pages = {19--23},
 doi = {http://doi.acm.org/10.1145/1056602.1056607},
 publisher = {ACM},
 address = {New York, NY, USA},
 }

@article{1056626,
 author = {Gyllenskog, Joel},
 title = {Writing a computer program to play Mastermind that appears to be intelligent},
 journal = {SIGART Bull.},
 number = {84},
 year = {1983},
 issn = {0163-5719},
 pages = {34--35},
 doi = {http://doi.acm.org/10.1145/1056623.1056626},
 publisher = {ACM},
 address = {New York, NY, USA},
 }

@article{1056637,
 author = {Shapiro, Ehud},
 title = {Playing mastermind logically},
 journal = {SIGART Bull.},
 number = {85},
 year = {1983},
 issn = {0163-5719},
 pages = {28--29},
 doi = {http://doi.acm.org/10.1145/1056635.1056637},
 publisher = {ACM},
 address = {New York, NY, USA},
 }

@article{44421,
 author = {van Hentenryck, Pascal},
 title = {A constraint approach to mastermind in logic programming},
 journal = {SIGART Bull.},
 number = {103},
 year = {1988},
 issn = {0163-5719},
 pages = {31--35},
 doi = {http://doi.acm.org/10.1145/44418.44421},
 publisher = {ACM},
 address = {New York, NY, USA},
 }

@Book{zx81,
  author = 	 {Hartnell, Tim},
  title = 	 {The Turing criterion machine intelligent programmes for the 16K to ZX81},
  publisher = 	 {Interface},
  year = 	 1982}

@Misc{mm:scheme,
  author = 	 {{\sf programmingpraxis}},
  title = 	 {Master {M}ind, {P}art 2},
  howpublished = {On the web},
  month = 	 {November},
  year = 	 2009,
  url = {http://http//programmingpraxis.com/2009/11/20/master-mind-part-2/2/}}

@misc{mm:mathworld,
author={Weisstein, Eric W.},
title=  "Mastermind.",
howpublished= {From MathWorld--A Wolfram Web Resource},
url={http://mathworld.wolfram.com/Mastermind.html}
}

@misc{wiki:bc,
   author = "Wikipedia",
   title = "Bulls and cows --- {W}ikipedia{,} The Free Encyclopedia",
   year = "2009",
   url =  {http://sl.ugr.es/001W}
 }

@article{Monteserin2010416,
title = "Assisting students with argumentation plans when solving problems in {CSCL}",
journal = "Computers and Education",
volume = "54",
number = "2",
pages = "416 - 426",
year = "2010",
note = "",
issn = "0360-1315",
doi = "DOI: 10.1016/j.compedu.2009.08.025",
url = "http://http://dx.doi.org/10.1016/j.compedu.2009.08.025",
author = "Ariel Monteserin and Silvia Schiaffino and Anal√≠a Amandi",
keywords = "Argumentation-based negotiation",
keywords = "Computer-supported collaborative learning",
keywords = "Planning"
}

@article{DBLP:journals/corr/abs-1111-6922,
  author    = {Giovanni Viglietta},
  title     = {{Hardness of Mastermind}},
  journal   = {CoRR},
  volume    = {abs/1111.6922},
  year      = {2011},
  ee        = {http://arxiv.org/abs/1111.6922},
  bibsource = {DBLP, http://dblp.uni-trier.de}
}
@incollection {bank:mm,
   author = {Focardi, Riccardo and Luccio, Flaminia},
   title = {Cracking Bank PINs by Playing Mastermind},
   booktitle = {Fun with Algorithms},
   series = {Lecture Notes in Computer Science},
   editor = {Boldi, Paolo and Gargano, Luisa},
   publisher = {Springer-Verlag},
   address = "Berlin Heidelberg",
   pages = {202-213},
   volume = 6099,
   year = 2010
}

@INPROCEEDINGS{Kaba,
author={Kabatianski, G. and Lebedev, V. and Thorpe, J.},
booktitle={Information Theory, 2000. Proceedings. IEEE International Symposium on}, 
title={The Mastermind game and the rigidity of the Hamming space},
year=2000,
pages=375,
keywords={Hamming space rigidity;Mastermind game;adaptive strategies;coding theory;deterministic strategies;feedback;noiseless adder channel;uniquely decodable codes;codes;decoding;game theory;},
doi={10.1109/ISIT.2000.866673},
}

@article{best2000role,
  title={{The role of context on strategic actions in mastermind}},
  author={Best, J.B.},
  journal={The Journal of General Psychology},
  volume={127},
  number={2},
  pages={165--177},
  issn={0022-1309},
  year={2000},
  publisher={Heldref Publications}
}

@conference{liu2002simple,
  title={{A simple genetic algorithm for the digit-guess problem}},
  author={Liu, J.S. and Chen, L.F. and Hsiao, F.C. and Jou, S.H.},
  booktitle={Emerging Technologies and Factory Automation, 1996. EFTA'96. Proceedings., 1996 IEEE Conference on},
  volume={1},
  pages={334--340},
  isbn={0780336852},
  year={2002},
  organization={IEEE}
}

@misc{meirovitz1980board,
  title={{Board game}},
  author={Meirovitz, M.},
  year={1980},
  month=dec # "~30",
  publisher={Google Patents},
  note={US Patent 4,241,923}
}

@misc{whitney2000game,
  title={{Game with privacy material}},
  author={Whitney, L.R. and Jordan, M.K. and Scanlan, T.J. and Allen, G.D.},
  year={2000},
  month=sep # "~19",
  publisher={Google Patents},
  note={US Patent 6,120,026}
}
@book{mitchell1999mastermind,
  title={{Mastermind Mathematics: Logic, Strategies, and Proofs}},
  author={Mitchell, M.},
  isbn={1559533196},
  year={1999},
  publisher={Key Curriculum Press}
}

@article{Rao:1986:APM:1056563.1056568,
 author = {Rao, T. M. and Kazin, G. and O'Brien, D.},
 title = {Algorithms to play Mastermind},
 journal = {SIGART Bull.},
 issue = {95},
 month = {January},
 year = {1986},
 issn = {0163-5719},
 pages = {33--35},
 numpages = {3},
 url = {http://doi.acm.org/10.1145/1056563.1056568},
 doi = {http://doi.acm.org/10.1145/1056563.1056568},
 acmid = {1056568},
 publisher = {ACM},
 address = {New York, NY, USA},
} 

@conference{freisleben2002genetic,
  title={{A genetic local search algorithm for solving symmetric and asymmetric traveling salesman problems}},
  author={Freisleben, B. and Merz, P.},
  booktitle={Evolutionary Computation, 1996., Proceedings of IEEE International Conference on},
  pages={616--621},
  isbn={0780329023},
  year={2002},
  organization={IEEE}
}

@article{focardi2011guessing,
  title={Guessing bank pins by winning a mastermind game},
  author={Focardi, R. and Luccio, F.L.},
  journal={Theory of Computing Systems},
  pages={1--20},
  year={2011},
  publisher={Springer}
}

@article{gagneur2011selective,
  title={Selective Phenotyping, Entropy Reduction, and the Mastermind game},
  author={Gagneur, J. and Elze, M.C. and Tresch, A.},
  journal={BMC bioinformatics},
  volume={12},
  number={1},
  pages={406},
  year={2011},
  publisher={BioMed Central Ltd},
note={\url{http://www.biomedcentral.com/1471-2105/12/406}}
}

@TechReport{oracle09,
  author = 	 {mifei},
  title = 	 {Mastermind and User-Defined Aggregate Functions in Oracle 9i},
  institution =  {Miracle},
  year = 	 2009,
  note = 	 {\url{http://docstoc.com/docs/14830194}}}



@TechReport{Morris2006,
  author = 	 {Lizbeth Matos Morris, Harry Rosado Padilla and Carlos M. Rubert Perez},
  title = 	 {Mastermind: An AI Approach to the Game},
  institution =  {University of Puerto Rico at Mayaguez},
  year = 	 2006,
  note = 	 {\url{http://ece.uprm.edu/~s016965/ICOM%205015%20-%20Artificial%20Intelligence/Mastermind%20Report.doc}}}

@MastersThesis{singley05:2d,
  author = 	 {ANDREW M. SINGLEY},
  title = 	 {HEURISTIC SOLUTION METHODS FOR THE 1-DIMENSIONAL AND 2-
DIMENSIONAL
MASTERMIND PROBLEM
},
  school = 	 {GRADUATE SCHOOL OF THE UNIVERSITY
OF FLORIDA},
  year = 	 2005,
  note = 	 {\url{http://etd.fcla.edu/UF/UFE0010554/singley_a.pdf}}}

@misc{francisstrategies:moo,
  title={{Strategies for playing MOO, or "Bulls and Cows"}},
  author={Francis, J.},
note={\url{http://www.jfwaf.com/Bulls%20and%20Cows.pdf}}
}

@article{zaccone1988apl,
  title={APL and mastermind},
  author={Zaccone, R.},
  journal={ACM SIGAPL APL Quote Quad},
  volume={19},
  number={1},
  pages={20--21},
  year={1988},
  publisher={ACM}
}

@article{grochow1972short,
  title={{Short Communications: MOO in Multics}},
  author={Grochow, JM},
  journal={Software--Practice and Experience},
  volume={2},
  number={3},
  pages={303--304},
  year={1972}
}

@article{o1991mastermind,
  title={Mastermind as a test-bed for search algorithms},
  author={O\'{}Geran, JH and Wynn, HP and Zhigljavsky, AA},
  journal={Chance},
  volume=6,
 pages={31--37},
  year={1993}
}

@Misc{dowell09,
  author = 	 {Justin Dowell},
  title = 	 {Defeating Mastermind},
  howpublished = {\url{http://mercury.webster.edu/aleshunas/Support%20Materials/Analysis/Dowelll%20-%20Mastermind%20v2-0.doc}},
  year = 	 2009}

@article{khalifa2011ga,
  title={{GA with Wisdom of Artificial Crowds for Solving Mastermind Satisfiability Problem}},
  author={Khalifa, A.B. and Yampolskiy, R.V.},
  journal={International Journal of Intelligent Games \& Simulation},
  volume={6},
  number={2},
  pages={6},
  year={2011}
}

@Misc{stackoverflow,
  author = 	 {{Several Authors}},
  title = 	 {How to solve the ''{Mastermind}'' guessing game?},
  howpublished = {\url{http://stackoverflow.com/questions/1185634/how-to-solve-the-mastermind-guessing-game}},
  note = 	 {Question posed in StackOverflow and many answers}}

@MastersThesis{snydermastermind,
  author = 	 {Angela B. Snyder},
  title = 	 {Mastermind by Importance Sampling and Metropolis-Hastings},
  school = 	 {Stanford University},
  year = 	 {2004},
  OPTnote = 	 {\url{http://www.hugeback.com/angie/projects/Mastermind/Online/thesis.pdf}},
  OPTannote = 	 {}
}

@InProceedings{VanDeVen201280,
author={Van De Ven, A.A.J.},
title={Modeling the world by minimizing relative entropy},
booktitle={AIP Conference Proceedings},
year=2012,
volume=1443,
pages={80-87},
note={cited By (since 1996) 0},
url={http://www.scopus.com/inward/record.url?eid=2-s2.0-84861119849&partnerID=40&md5=2d169b2e36b90605cfd180ce0f5ff85c},
document_type={Conference Paper},
source={Scopus},
}

@ARTICLE{Fraenkel20091,
author={Fraenkel, A.S.},
title={Combinatorial games: Selected bibliography with a succinct gourmet introduction},
journal={Electronic Journal of Combinatorics},
year=2009,
pages={1-88},
note={cited By (since 1996) 0},
url={http://www.scopus.com/inward/record.url?eid=2-s2.0-77957714018&partnerID=40&md5=ab1f2f583fe3a938a3a990dae92f136b},
document_type={Article},
source={Scopus},
}

@ARTICLE{2012arXiv1207.0773D,
   author = {{Doerr}, B. and {Sp{\"o}hel}, R. and {Thomas}, H. and {Winzen}, C.
	},
    title = "{Playing Mastermind with Many Colors}",
  journal = {ArXiv e-prints},
archivePrefix = "arXiv",
   eprint = {1207.0773},
 primaryClass = "cs.DS",
 keywords = {Computer Science - Data Structures and Algorithms, Computer Science - Discrete Mathematics},
     year = 2012,
    month = jul,
   adsurl = {http://adsabs.harvard.edu/abs/2012arXiv1207.0773D},
  adsnote = {Provided by the SAO/NASA Astrophysics Data System}
}

@article{hubalovsky2012modeling,
  title={{Modeling and computer simulation of real process--solution of Mastermind board game}},
  author={Hubalovsky, S.},
  journal={International Journal of Mathematics and Computers in Simulation},
  pages={107--118},
  year={2012}
}

@inproceedings{van2012modeling,
  title={Modeling the world by minimizing relative entropy},
  author={van de Ven, A.A.J.},
  booktitle={AIP Conference Proceedings},
  volume={1443},
  pages={80},
  year={2012}
}

@article{laughlin1982selection,
  title={{Selection strategies for "Mastermind" problems.}},
  author={Laughlin, P.R. and Lange, R. and Adamopoulos, J.},
  journal={Journal of Experimental Psychology: Learning, Memory, and Cognition},
  volume={8},
  number={5},
  pages={475},
  year={1982},
  publisher={American Psychological Association}
}

@techreport{legendre2012minesweeper,
  title={{MineSweeper}: Where to Probe?},
  author={Legendre, M. and Hollard, K. and Buffet, O. and Dutech, A. and others},
  institution={INRIA},
number={RR-8041},
  note={\url{http://hal.inria.fr/hal-00723550}},
  year={2012}
}

@article{goodrich2013,
        author={Asuncion,A. U. and Goodrich,M. T.},
        year={2013},
        title={Nonadaptive mastermind algorithms for string and vector databases, with case studies},
        journal={IEEE Transactions on Knowledge and Data Engineering},
        volume={25},
        number={1},
        pages={131-144},
        url={www.scopus.com},
}

@article{doerr2012,
        author={Doerr,B. and Winzen,C.},
        year={2012},
        title={Playing Mastermind with Constant-Size Memory},
        journal={Theory of Computing Systems},
        pages={1-27},
        note={Article in Press},
}

@article{goodrich2012mtdna,
        author={Goodrich,M. T.},
        year={2012},
        title={Learning character strings via mastermind queries, with a case study involving mtDNA},
        journal={IEEE Transactions on Information Theory},
        volume={58},
        number={11},
        pages={6726-6736},
        url={www.scopus.com},
}

@article{doerr2012bb,
        author={Doerr,B. and Winzen,C.},
        year={2012},
        title={Ranking-Based Black-Box Complexity},
        journal={Algorithmica},
        pages={1-39},
        note={Article in Press},
}

@inproceedings{Miranda2011,
        author={Miranda,L. O. and Cordova,J. and Quiles,J. M. and Makki,S. K.},
        year={2011},
        title={Optimized strategies for the mastermind game},
        booktitle={Proceedings of the 4th Annual International Conference on Computer Games, Multimedia and Allied Technology, CGAT 2011 and 2nd Annual International Conference on Cloud Computing and Virtualization, CCV},
        pages={6-10},
}

@inproceedings{chen2011auditing,
  title={Auditing information leakage for distance metrics},
  author={Chen, Y. and Evans, D.},
  booktitle={Privacy, security, risk and trust (PASSAT), 2011 ieee third international conference on and 2011 ieee third international conference on social computing (socialcom)},
  pages={1131--1140},
  year={2011},
  organization={IEEE}
}

@inproceedings{canto07,
        author={Canto,N. F. and Netto,M. L.},
        editor={ },
        year={2007},
        title={Mastermind: A Genetic Classifier for extraction of human algorithms},
        booktitle={Proceedings of the 3rd Indian International Conference on Artificial Intelligence, IICAI 2007},
        pages={532-549},
        url={www.scopus.com},
}

@incollection {springerlink:10.1007/3-540-61332-3_138,
   author = {Chen, Zhixiang and Cunha, Carlos and Homer, Steven},
   affiliation = {Southwest State University Dept. of Math and Computer Science 56258 Marshall MN USA 56258 Marshall MN USA},
   title = {Finding a hidden code by asking questions},
   booktitle = {Computing and Combinatorics},
   series = {Lecture Notes in Computer Science},
   editor = {Cai, Jin-Yi and Wong, Chak},
   publisher = {Springer Berlin / Heidelberg},
   isbn = {978-3-540-61332-9},
   keyword = {Computer Science},
   pages = {50-55},
   volume = {1090},
   url = {http://dx.doi.org/10.1007/3-540-61332-3_138},
   note = {10.1007/3-540-61332-3_138},
   year = {1996}
}

@article{durlak2008implementation,
  title={Implementation matters: A review of research on the influence of implementation on program outcomes and the factors affecting implementation},
  author={Durlak, J.A. and DuPre, E.P.},
  journal={American journal of community psychology},
  volume={41},
  number={3},
  pages={327--350},
  year={2008},
  publisher={Springer}
}

@incollection{jansen2013general,
  title={General Limits in Black-Box Optimization},
  author={Jansen, Thomas},
  booktitle={Analyzing Evolutionary Algorithms},
  pages={45--84},
  year={2013},
  publisher={Springer}
}

@article{DBLP:journals/corr/abs-0904-4458,
  author    = {Michael T. Goodrich},
  title     = {The Mastermind Attack on Genomic Data},
  journal   = {CoRR},
  volume    = {abs/0904.4458},
  year      = {2009},
  ee        = {http://arxiv.org/abs/0904.4458},
  bibsource = {DBLP, http://dblp.uni-trier.de}
}

@article{boldi2012special,
  title={Special Issue on Fun with Algorithms},
  author={Boldi, P. and Gargano, L.},
  journal={Theory of Computing Systems},
  pages={1--2},
  year={2012},
  publisher={Springer}
}

@article{doerr2012playing,
  title={{Playing Mastermind with Many Colors}},
  author={Doerr, B. and Sp{\"o}hel, R. and Thomas, H. and Winzen, C.},
  journal={arXiv preprint arXiv:1207.0773},
  year={2012}
}

@ARTICLE{2013arXiv1303.5862E,
   author = {{El Ouali}, M. and {Sauerland}, V.},
    title = "{Improved Approximation Algorithm for the Number of Queries Necessary to Identify a Permutation}",
  journal = {ArXiv e-prints},
archivePrefix = "arXiv",
   eprint = {1303.5862},
 primaryClass = "cs.DS",
 keywords = {Computer Science - Data Structures and Algorithms, Computer Science - Computer Science and Game Theory},
     year = 2013,
    month = mar,
   adsurl = {http://adsabs.harvard.edu/abs/2013arXiv1303.5862E},
  adsnote = {Provided by the SAO/NASA Astrophysics Data System}
}

@article{aspinallgive,
  title={‚ÄúGive Me Letters 2, 3 and 6!‚Äù: Partial Password Implementations \& Attacks},
  author={Aspinall, David and Just, Mike}
}
@article{bailey2013resolving,
  title={Resolving sets for Johnson and Kneser graphs},
  author={Bailey, Robert F and C{\'a}ceres, Jos{\'e} and Garijo, Delia and Gonz{\'a}lez, Antonio and M{\'a}rquez, Alberto and Meagher, Karen and Puertas, Mar{\'\i}a Luz},
  journal={European Journal of Combinatorics},
  volume={34},
  number={4},
  pages={736--751},
  year={2013},
  publisher={Elsevier}
}

@INPROCEEDINGS{Ugurdag,
author={Ugurdag, H.F. and Sahin, Y. and Baskirt, O. and Dedeoglu, S. and Goren, S. and Kocak, Y.S.},
booktitle={Adaptive Hardware and Systems, 2006. AHS 2006. First NASA/ESA Conference on}, title={Population-Based FPGA Solution to Mastermind Game},
year={2006},
pages={237-246},
keywords={computational complexity;computer games;field programmable gate arrays;logic design;parallel algorithms;Mastermind game;computational complexity;console game;low-power engine;parallel algorithm;population-based FPGA solution;Clocks;Commercialization;Cows;Engines;Field programmable gate arrays;Games;Operating systems;Plastics;Telecommunications;Web pages},
doi={10.1109/AHS.2006.57},}

@article{bahintingcomputer,
  title={{Computer-Aided Word Mastermind Solving Using Regular Expression Pattern Matching in a Directed Acyclic Word Graph}},
  author={Bahinting, JL and Bonos, JDG and Delfinado, CJA and Ignacio, MM and Lachica, LF},
  journal = 	 {International Journal of Future Computer and Communication},
  year = 	 2013,
  volume = 	 2,
  number = 	 5,
  pages = 	 {481--484},
  month = 	 {October},
  note = 	 {\url{http://www.ijfcc.org/papers/210-S031.pdf}}}

@article{aagotnes2011question,
  title={Question--answer games},
  author={{\AA}gotnes, Thomas and van Benthem, Johan and van Ditmarsch, Hans and Minica, Stefan},
  journal={Journal of Applied Non-Classical Logics},
  volume={21},
  number={3-4},
  pages={265--288},
  year={2011},
  publisher={Taylor \& Francis}
}

@ARTICLE{Ville,
   author = {Geoffroy Ville},
    title = "{{An Optimal Mastermind (4,7) Strategy and More Results in the Expected Case}}",
  journal = {ArXiv e-prints},
archivePrefix = "arXiv",
   eprint = {1305.1010},
 primaryClass = "cs.GT",
     year = 2013,
    month = may,
url = {http://arxiv.org/abs/1305.1010}
}