@BOOK{Bible2011,
  author = "B. Sosinsky" ,
  title = "Cloud Computing Bible ",
  edition = "First",
  year = "2011",
  publisher = "John Wiley \& Sons Ltd" 
}

@MastersThesis{Luengo,
  author = "A. Luengo" ,
  title = "Desarrollo de un entorno basado en MapReduce para la ejecuci\'on distribuida de algoritmos gen\'eticos paralelos" ,
  year = "2010",
  howpublished = {\url{https://www.google.es/url?sa=t&rct=j&q=&esrc=s&source=web&cd=1&ved=0CE8QFjAA&url=https%3A%2F%2Fforxa.mancomun.org%2Ffrs%2Fdownload.php%2F786%2FMemoria.pdf&ei=O936T_WXLcSmhAestsioBA&usg=AFQjCNGr6laSXDPFZDsqFfsqjTHFigKGJg}}
}

@PhdThesis{Bagley67,
  author = "J.D. Bagley" ,
  title = "The Behavior of adaptive systems which employ genetic and correlation algorithms" ,
  school = "University of Michigan" ,
  year = "1967"
}

@BOOK{Holland75,
  author = "J. Holland" ,
  title = "Adaptation in Natural and Artificial Systems" ,
  year = "1975",
  publisher = "Michigan Press"
}


@BOOK{Enfoque09,
  author = {L. Araujo, C. Cervig\'on} ,
  title = "Algoritmos Evolutivos: Un enfoque pr\'actico",
  year = "2009",
  publisher = "RA-MA"
}

@BOOK{Service11,
  author = {J. Rosenberg, A. Mateos} ,
  title = "The Cloud at your service" ,
  year = "2011",
  publisher = "Manning"
}

@ARTICLE{Mit98,
  author = {M. Mitchell} ,
  title = "An introduction to genetic algorithms" ,
  year = "1998" ,
  publisher = "The MIT Press"
}

@PhdThesis{John75,
  author = {K. A. D. Jong} ,
  title = "An analysis of the behaviour of a class of genetic adaptive systems " ,
  school = "PhD Tesis, University of Michigan" ,
  year = "1975" 
}

@Book{Lin10,
  author = {J. Lin, C. Dyer} ,
  title = "Data-Intensive Text Processing with MapReduce" ,
  publisher = "University of Maryland" ,
  year = "2010"
}

@ARTICLE{Gestal,
  author = {M. Gestal},
  title = "Introducci\'on a los algoritmos gen\'eticos",
  school = "Universidad da Coruña",
  year = "2009",
  howpublished = {\url{http://sabia.tic.udc.es/mgestal/cv/AAGGtutorial/aagg.html}}
}


@BOOK{ES03,
  author = {A.E. Eiben and J.E. Smith},
  title = "Introduction to Evolutionary Computing",
  publisher = "Springer",
  year = "2003"
}

@ARTICLE{GL85,
  author = {Goldberg and Lingle} ,
  title = "Alleles, loci and the traveling salesman problem" ,
  conference = "Proceedings of an International Conference on Genetic Algorithms" ,
  year = "1985"
}

@BOOK{Sys91,
  author = {G. Syswerda},
  title = "Schedule optimization using genetic algorithms",
  publisher = "Van Nostrand Reinhold",
  year = "1991",
  pages = "332-349"
}

@Article{Osh87,
  author = {I.M. Oliver, D.J. Smith, J.R.C. Holland} ,
  title = "A study of permutation crossover operators on the TSP",
  year = "1987" ,
  pages = "224-230"
}

@Article{Koz92,
  author = {J. R Koza} ,
  title = "Genetic Programming: On the Programming of Computers by Means of Natural Selection ",
  publisher = "The MIT Press",
  year = "1992"
}

@Article{Her03,
  author = {O. Cord\'on, L. Magdalena, F. Herrera} ,
  title = "Ten years of genetic fuzzy systems: current framework and new trends",
  publisher = "Elsevier",
  year = "2003"
}



@Article{Lam08,
  author = {R. Lammel},
  title = "Google's MapReduce Programming Model - Revisited" ,
  publisher = "Science of Computer Programming archive Vol. 70 Issue 1"  ,
  year = "2008"
}

@Article{SGL03,
  author = {S. Ghemawat, H. Gobioff, S. Leung},
  title = "The Google File System", 
  conference = "19th ACM Symposium on Operating Systems Principles",
  year = "2003"
}  


@Book{Quick10,
  author = {Mark I. Williams},
  title = "A quick start guide to cloud computing",
  publisher = "New tools for business",
  year = "2010"
}

@Article{Ber09,
  author = {M. Armbrust A. Fox, R. Griffith},
  title = "Above the Clouds: A Berkeley View of Cloud Computing",
  publisher = "University of Berkeley",
  year = "2009"
}

@Article{Sil11,
  author = {M. Silverman},
  title = "How Has Cloud Computing Changed Business?",
  howpublished = {\url{http://mashable.com/2011/12/11/cloud-computing-business-infographic/}},
  year = "2011"
}
  
@Book{Web08,
  author = "Michael Miller", 
  title = "Cloud Computing: Web-Based Applications That Change the Way You Work and Collaborate Online" , 
  publisher = "Que",
  edition = "First",
  year = "2008"
}

@Manual{GAE,
  author = {Google},
  title = "Google AppEngine, http://appengine.google.com/",
  howpublished = {\url{http://appengine.google.com/}}
}

@Manual{AWS,
  author = {Amazon},
  title = "Amazon Web Services, http://aws.amazon.com/es/",
  howpublished = {\url{http://aws.amazon.com/es/}}
}

@TechReport{Tor05,
  author = {A. La Torre},
  title = "Algoritmos gen\'eticos paralelos",
  year = "2005",
  howpublished = {\url{http://www.google.es/url?sa=t&rct=j&q=&esrc=s&source=web&cd=1&ved=0CFAQFjAA&url=http%3A%2F%2Flaurel.datsi.fi.upm.es%2F~atorre%2Flib%2Fexe%2Ffetch.php%3Fid%3Duniversidad%253Adoctorado%26cache%3Dcache%26media%3Duniversidad%3Aalgoritmos_geneticos_paralelos.pdf&ei=cMgOUOnzJY-1hAev24GQDA&usg=AFQjCNFhjazN_v-3xj0eMUOdt4qWsX8R8w}}
}

@TechReport{Par93,
  author = {D. Abrahamson , G. Mills , S. Perkins},
  title = "Parallelisation of a genetic algorithm for the computation of efficient train schedules",
  year = "1993",
  howpublished = "Parallel computing and transputers conference"
}

@Conference{Dea08,
  author = {J. Dean, S. Ghemawat},
  title = "Mapreduce: Simplified data processing on large clusters",
  Conference = "Communications of the ACM",
  year = "2008"
}

@Article{AmStudies,
  author = {Amazon Case Studies},
  title = "Amazon Case Studies, http://aws.amazon.com/es/solutions/case-studies/",
  howpublished = {\url{http://aws.amazon.com/es/solutions/case-studies/}}
}

@Conference{CC,
  author = {Varios Autores},
  title = "Cloud computing, una perspectiva para Colombia",
  year = "2010",
  conference = "Mesa Sectoral Cloud Computing, Medellin"
}

@Book{Had11,
  title = "Hadoop, The Definitive Guide",
  author = "Tom White",
  publisher = "0'Reilly",
  edition = "Second Edition",
  year = "2011"
}

@Article{jvb08,
  author = {C. Jin, C. Vecchiola, R. Buyya},
  title = "MRPGA: An extension of mapreduce for parallelizing genetic algorithms",
  publisher = "IEE Press",
  year = "2008"
}

@Article{Gen09,
  author = {A. Verma, X. Llora, D. Goldberg},
  title = "Scaling Genetic Algorithms using MapReduce",
  publisher = "IEE Computer Society",
  year = "2009"
}

@Article{Eva11,
  author = {Formigacloud},
  title = "Evaluación de Amazon EC2",
  year = "2011",
  howpublished = {\url{http://www.cesga.es/component/option,com_docman/task,cat_view/gid,16/Itemid,13/lang,es/}}
}

@Manual{Hadoop,
  author = {Hadoop},
  title = "Framework Hadoop, http://hadoop.apache.org/",
  howpublished = {\url{http://hadoop.apache.org/}}
}

@article{ec210,
  title = "Ec2 Starters Guide - https://help.ubuntu.com/community/EC2StartersGuide",
  author = "Ubuntu",
  year = "2010",
  howpublished = {\url{https://help.ubuntu.com/community/EC2StartersGuide}}
}

@article{s3cmd,
  title = "s3cmd: Command Line S3 client",
  author = "s3 Tools - http://s3tools.org/s3cmd",
  year = "2011",
  howpublished = {\url{http://s3tools.org/s3cmd}}
}

@Manual{startHadoop,
  title = " Running Hadoop On Ubuntu Linux (Single-Node Cluster)",
  author = "Michael G. Noll",
  year = "2007",
  updated = "2012"
}  

@Report{Ministerio,
  title = "Cloud computing: retos y oportunidades",
  author = {A. Urueña},
  year = "2012",
  company = "ONTSI"
}

@Report{Survey,
  title = "An SME perspective on Cloud Computing, Survey",
  author = "ENISA",
  year = "2011"
}

@Article{Mrenough,
  title = "MapReduce is Good Enough? If All You Have is a Hammer, Throw Away Everything That's Not a Nail!",
  author = {Jimmy Lin},
  school = "University of Maryland",
  year = "2012"
}

@Article{GAcloud,
  title = "Genetics in the Cloud",
  author = {Mention LLC},
  year = "2011"
}
  