@article{adeli1994concurrent,
  title={Concurrent genetic algorithms for optimization of large structures},
  author={Adeli, Hojjat and Cheng, Nai-Tsang},
  journal={Journal of Aerospace Engineering},
  volume={7},
  number={3},
  pages={276--296},
  year={1994},
  publisher={American Society of Civil Engineers}
}

@ARTICLE{Tagawa201212,
author={Tagawa, K.},
title={Concurrent differential evolution based on generational model for multi-core CPUs},
journal={Lecture Notes in Computer Science (including subseries Lecture Notes in Artificial Intelligence and Lecture Notes in Bioinformatics)},
year={2012},
volume={7673 LNCS},
pages={12-21},
note={cited By (since 1996) 0},
url={http://www.scopus.com/inward/record.url?eid=2-s2.0-84871360292&partnerID=40&md5=d7abec191e03a6336ba8b51ef707a54a},
document_type={Conference Paper},
source={Scopus},
}