@MISC{numerodepersonas,
	AUTHOR       = "Blobject",
	TITLE        = "{Número de personas}",
	YEAR         = 2012,
	NOTE         = "http://www.numerodepersonas.com"
}
@MISC{cityanalytics,
	AUTHOR       = "Blobject",
	TITLE        = "{CityAnalytics}",
	YEAR         = 2012,
	NOTE         = "http://www.cityanalytics.net/?act=faq"
}
@MISC{intelify,
	AUTHOR       = "Blobject",
	TITLE        = "{Intelify. Do it social}",
	YEAR         = 2012,
	NOTE         = "http://www.intelify.net"
}
@MISC{Blobject,
	AUTHOR       = "Blobject",
	TITLE        = "{Ciudad2020. Blobject S.L.}",
	YEAR         = 2012,
	NOTE         = "http://www.cityanalytics.net/?act=nosotros"
}

@MISC{estudioprecision,
	AUTHOR       = "Blobject",
	TITLE        = "{CityAnalytics. Estudio estadístico}",
	YEAR         = 2012,
	NOTE         = "http://bit.ly/TtnmLn"
}


@Article{patenteBC,
  author = 	 {Falcato Marti Mendez},
  title = 	 {SYSTEM AND METHOD FOR MONITORING PEOPLE AND/OR VEHICLES IN URBAN ENVIRONMENTS},
  journal =  {US Patent Application No: 2011/0128,127. Serial no 13/56,068. http://www.google.com/patents/US20110128127},
  year = 	 2011
}

@MISC{BitCarrier,
	AUTHOR       = "BitCarrier",
	TITLE        = "{http://www.bitcarrier.com/}",
	YEAR         = 2012
}
@MISC{Trafficnow,
	AUTHOR       = "Trafficnow",
	TITLE        = "{http://www.trafficnow.eu/es}",
	YEAR         = 2012
}
@MISC{TraffaxInc,
	AUTHOR       = "Traffax-Inc",
	TITLE        = "{http://www.traffaxinc.com/}",
	YEAR         = 2012
}
@MISC{SavariNetworks,
	AUTHOR       = "Savari-Networks",
	TITLE        = "{http://www.savarinetworks.com/index.html}",
	YEAR         = 2012
}
@MISC{TrafficCast,
	AUTHOR       = "TrafficCast",
	TITLE        = "{http://trafficcast.com/products/}",
	YEAR         = 2012
}


@Article{Jiawei2006,
 author =      "Jiawei Han and Micheline Kamber",
 title =      "{Data Mining : Concepts and Techniques}",
 journal =     {2nd edition, Morgan Kaufmann, ISBN 1558609016}, 
 year =      {2006}
}
@Article{Trevor2009,
 author =      "Trevor Hastie and Robert Tibshirani and Jerome Friedman",
 title =      "{The Elements of Statistical Learning: Data Mining, Inference, and Prediction}",
 journal =     {Springer Series in Statistics. Secon Edition. Springer},
 year =      {2009}
}

@Article{Nisbet2009,
 author =      "R.Nisbet and J. Elder and G. Miner",
 title =      "{Handbook of Statistical Analysis and Data Mining Applications}",
 journal =     {Academic Press. ISBN 978-0123747655}, 
 year =      {2009},
}

@Article{Hill2007,
 author =      "T. Hill and P. Lewick",
 title =      "{STATISTICS Methods and Applications}",
 journal =     {StatSoft,Tulsa, Ok}, 
 year =      {2007},
}
@Article{Arenas2005,
 author =      "M.G. Arenas and P.A. Castillo and G. Romero and F. Rateb and J. J. Merelo",
 title =      "{Coevolving multilayer perceptrons along training sets}",
 journal =     {In Advances in Soft Computing: 8th Fuzzy Days Proceedings, pages 503-513}, 
 year =      {2005},
}


@Article{Eiben2003,
 author =      "A.E. Eiben and J.E. Smith",
 title =      "{Introduction to Evolutionary Computing}",
 journal =     {Springer, ISBN 3-540-40184-9}, 
 year =      {2003},
}

@Article{Michalewicz2004,
 author =      "Z. Michalewicz and D.B. Fogel",
 title =      "{How to Solve It: Modern Heuristics}",
 journal =     {Springer-Verlag, 2 edition}, 
 year =      {2004},
}
@Article{Yang2010,
 author =      "Yang X. S",
 title =      "{Nature-Inspired Metaheuristic Algorithms}",
 journal =     {2nd Edition, Luniver Press.}, 
 year =      {2010},
}
@Article{Castillo2001,
 author =      "P.A. Castillo and M.G. Arenas and J.G. Castellano and M.Cillero and J.J. Merelo and A. Prieto and V. Rivas and G. Romero",
 title =      "{Function approximation with evolved multilayer perceptrons}",
 journal =     {Advances in Neural Networks and Applications. Artificial Intelligence Series. Nikos E. Mastorakis Editor. ISBN:960-8052-26-2, pp.195-200, Published by World Scientific and Engineering Society Press}, 
 year =      {2001},
}

@Article{Castillo2007,
 author =      "P.A. Castillo and J.J. Merelo and M.G. Arenas and G. Romero",
 title =      "{Comparing evolutionary hybrid systems for design and optimization of multilayer perceptron structure along training parameters}",
 journal =     {Information Sciences, 177:2884-2905}, 
 year =      {2007},
}

@Article{Rivas2003,
 author =      "Victor M. Rivas and J.J. Merelo and I. Rojas and G. Romero and P.A. Castillo and J. Carpio",
 title =      "{Evolving 2-dimensional fuzzy systems}",
 journal =     {Fuzzy Sets and Systems, 138(1):381-398}, 
 year =      {2003},
}
@Article{Papazoglou2007,
 author =      "M. P. Papazoglou and W. Van Den Heuvel",
 title =      "{Service oriented architectures: Approaches, technologies and research issues}",
 journal =     {VLDB Journal, 16(3):389-415}, 
 year =      {2007},
}

@Article{pgs2007,
 author =      "P. Garcia-Sanchez and J.J. Merelo and J.P. Sevilla and P.A. Castillo and M. Martin and M. Lopez",
 title =      "{Plataforma de integración de servicios para la administración basada en BPEL y SOA}",
 journal =     {In E. B. Lopez de Roda et al., editor, ACTAS DE LAS III JORNADAS EN SERVICIOS WEB Y SOA (JSWEB 2007), pages 111-118. Thomsom Editores Spain S. A.}, 
 year =      {2007},
}


@Article{r1,
  author = 	 {autor},
  title = 	 {titulo},
  journal =  {revista},
  year = 	 2005
}

@Article{r2,
  author = 	 {autor},
  title = 	 {titulo},
  journal =  {revista},
  year = 	 2005
}

@Article{r3,
  author = 	 {autor},
  title = 	 {titulo},
  journal =  {revista},
  year = 	 2005
}

