@article{goodman2007javascript,
  title={{Javascript{\textregistered} bible}},
  author={Goodman, D. and Morrison, M. and Eich, B.},
  year={2007},
  publisher={John Wiley \& Sons, Inc. New York, NY, USA}
}

@misc{crockford2006application,
  title={{The application/json media type for javascript object notation (JSON)}},
  author={Crockford, D.},
  year={2006},
  publisher={RFC 4627, July 2006}
}

@misc{cabello2003,
  title={{Dise{\~n}o de p{\'a}ginas Web interactivas con Javascript y CSS}},
  author={Cabello, J.C.O. and Carlos, J.},
  year={2003},
  publisher={Alfaomega Grupo Editor}
}

@book{jquery,
 author = {Chaffer, Jonathan and Swedberg, Karl},
 title = {Learning {JQuery}: better interaction design and web
                  development with simple {JavaScript} techniques}, 
 year = {2007},
 isbn = {9781847192509},
 publisher = {Packt Publishing},
 }

@book{rest,
 author = {Richardson, Leonard and Ruby, Sam},
 title = {{RESTful} web services},
 year = {2007},
 isbn = {9780596529260},
 publisher = {O'Reilly},
 }

@book{perry2006ajax,
  title={{Ajax hacks}},
  author={Perry, B.},
  year={2006},
  publisher={O'Reilly Media, Inc.}
}

@book{flanagan1998javascript,
  title={JavaScript},
  author={Flanagan, David},
  year={1998},
  publisher={O'Reilly}
}

@article{ecma1999262,
  title={262: ECMAScript Language Specification},
  author={Ecma, ECMA},
  journal={ECMA (European Association for Standardizing Information and Communication Systems), pub-ECMA: adr,},
  year={1999}
}

@article{mikkonen2007using,
  title={Using JavaScript as a real programming language},
  author={Mikkonen, Tommi and Taivalsaari, Antero},
  year={2007},
  publisher={Sun Microsystems, Inc.}
}

@inproceedings{richards2010analysis,
  title={An analysis of the dynamic behavior of JavaScript programs},
  author={Richards, Gregor and Lebresne, Sylvain and Burg, Brian and Vitek, Jan},
  booktitle={ACM Sigplan Notices},
  volume={45},
  number={6},
  pages={1--12},
  year={2010},
  organization={ACM}
}

@Misc{ogrady14:ranking,
  author = 	 {Stephen O'Grady},
  title = 	 {
The RedMonk Programming Language Rankings: January 2014},
  howpublished = {Tecosystems blog},
  url = {http://redmonk.com/sogrady/2014/01/22/language-rankings-1-14/},
  month = 	 {January},
  year = 	 2014}

@incollection{duda2013distributed,
  title={Distributed evolutionary computing system based on web browsers with javascript},
  author={Duda, Jerzy and D{\l}ubacz, Wojciech},
  booktitle={Applied Parallel and Scientific Computing},
  pages={183--191},
  year={2013},
  publisher={Springer}
}

@Misc{crockford:javascript,
  author = 	 {Douglas Crockford},
  title = 	 {JavaScript:
The World's Most Misunderstood Programming Language},
  howpublished = {www.crockford.com},
  url = {http://javascript.crockford.com/javascript.html}
  year = 	 2001}
