@ARTICLE{iMOACOS_SOCO,
	AUTHOR       = "The authors",
	TITLE        = "{MOACO Island Model Presentation}",
	JOURNAL      = "One Journal",
	YEAR         = "2013",
	VOLUME       = "V",
	NUMBER       = "N",
	PAGES        = "In Press."
}


@InProceedings{MACS-Gambardella,
  author = {L. Gambardella and E. Taillard and G. Agazzi},
  title = {MACS-VRPTW: A Multiple Ant Colony System for Vehicle Routing Problems with Time Windows},
  editor = {D. Corne, M. Dorigo, F. Glover},
  booktitle = {New Ideas in Optimization},
  pages = {73--76},
  year =	 1999,
  publisher = {McGraw-Hill}
}

@InProceedings{BiANT-Iredi,
  author = {Steffen Iredi and Daniel Merkle and Martin Middendorf},
  title = {Bi-Criterion Optimization with Multi Colony Ant Algorithms},
  booktitle =  {Proceedings of the First International Conference on
                  Evolutionary Multi-Criterion Optimization {(EMO 2001)}},
  pages =        {359--372},
  year =         2001,
  editor =       {E. Zitzler and K. Deb and L. Thiele and C. A. Coello Coello
                  and D. Corne},
  volume =       1993,
  series =       {LNCS},
  address =      {Berlin},
  publisher =    {Springer}
}

@InProceedings{MOACS-Baran,
  author = {Barán, B. and Schaerer, M.},
  title = {A multiobjective ant colony system for vehicle routing problem with time windows},
  booktitle = {IASTED International Multi-Conference on Applied Informatics},
  pages = {97--102},
  year = 2003,
  number = 21,
  series = {IASTED IMCAI}
}

@article{MOACOs_taxonomy,
	AUTHOR       = {C. García-Martínez and O. Cordón and F. Herrera},
	TITLE        = {A taxonomy and an empirical analysis of multiple objective ant colony optimization algorithms for the bi-criteria TSP},
  journal={European Journal of Operational Research},
  year=2007,
  volume={180},
  number={1},
  pages={116-148},
  month={July}
}

@ARTICLE{Stigmergy_Grasse59,
	AUTHOR       = "Pierre-Paul Grassé",
	TITLE        = "La reconstruction du nid et les coordinations inter-individuelles chez bellicositermes natalensis et cubitermes sp. La theorie de la stigmerie",
	JOURNAL      = "Insects Soc",
	YEAR         = "1959",
	VOLUME       = "6",
	PAGES        = "41--80"
}

@ARTICLE{Deneubourg83,
	AUTHOR       = "J.L.Deneubourg and J.M.Pasteels and J.C.Verhaeghe",
	TITLE        = "Probabilistic Behaviour in Ants: a Strategy
of Errors?",
	JOURNAL      = "J. Theor. Biol.",
	YEAR         = "1983",
	VOLUME       = "105",
	PAGES        = "259--271"
}

@article{dorigo96as,
  author = {M. Dorigo and V. Maniezzo and A. Colorni},
  title = {The Ant System: Optimization by a colony of cooperating agents},
  journal = {IEEE Transactions on Systems, Man, and Cybernetics Part B: Cybernetics},
  pages = {29--41},
  number = 1,
  volume = 26,
  year = 1996
}

@article{dorigo97acs,
  author = {M. Dorigo and L. M. Gambardella},
  title = {Ant Colony System: A cooperative learning approach to the traveling salesman problem},
  journal = {IEEE Transactions on Evolutionary Computation},
  pages = {53--66},
  number = 1,
  volume = 1,
  year = 1997
}

@InCollection{ACO_99,
  author = {M. Dorigo and G. Di Caro},
  title = {The ant colony optimization meta-heuristic},
  booktitle = {New Ideas in Optimization},
  pages = {11--32},
  publisher = {McGraw-Hill},
  year = 1999,
  editor = {D. Corne and  M. Dorigo and F. Glover}
}

@InCollection{ACO_2003,
author={M. Dorigo and T. Stützle}, 
title ={The Ant Colony Optimization Metaheuristic: Algorithms, Applications, and Advances},
editor={F. Glover, G.A. Kochenberger},
booktitle={Handbook of Metaheuristics},
publisher={Kluwer}, 
pages={251--285},
year =2002
}

@book {TSP_Descrip1985,
    editor = {E.~L.~Lawler and J.~K.~Lenstra and A.~H.~G.~Rinnooy Kan
        and D.~B.~Shmoys},
    title = "The Traveling Salesman Problem",
    publisher = "John Wiley \& Sons Ltd.",
    year = 1985
}

@book {TSP_Reinelt1994,
	fullauthor = "Gerhard Reinelt",
	author = "G.~Reinelt",
	title = {The traveling salesman: Computational solutions for {TSP}
		applications},
	publisher = "Springer {V}erlag",
	year = 1994,
	note = "LNCS 840"
}

