%% This BibTeX bibliography file was created using BibDesk.
%% http://bibdesk.sourceforge.net/


%% Created for Ana B. Pelegrina at 2013-03-15 20:20:58 +0100 


%% Saved with string encoding Unicode (UTF-8) 



@article{moroni2000vox,
	Author = {Moroni, Artemis and Manzolli, J{\^o}natas and Zuben, Fernando Von and Gudwin, Ricardo},
	Date-Added = {2013-03-15 20:20:57 +0100},
	Date-Modified = {2013-03-15 20:20:57 +0100},
	Journal = {Leonardo Music Journal},
	Pages = {49--54},
	Publisher = {MIT Press},
	Title = {Vox populi: An interactive evolutionary system for algorithmic music composition},
	Year = {2000}}

@article{takagi2001interactive,
	Author = {Takagi, Hideyuki and others},
	Date-Added = {2013-03-15 20:19:53 +0100},
	Date-Modified = {2013-03-15 20:19:53 +0100},
	Journal = {Proceedings of the IEEE},
	Number = {9},
	Pages = {1275--1296},
	Title = {Interactive evolutionary computation: Fusion of the capabilities of EC optimization and human evaluation},
	Volume = {89},
	Year = {2001}}

@inproceedings{ashlock2006evolutionary,
	Author = {Ashlock, Daniel},
	Booktitle = {Evolutionary Computation, 2006. CEC 2006. IEEE Congress on},
	Date-Added = {2013-03-15 20:16:25 +0100},
	Date-Modified = {2013-03-15 20:16:25 +0100},
	Organization = {IEEE},
	Pages = {2079--2086},
	Title = {Evolutionary exploration of the mandelbrot set},
	Year = {2006}}

@article{sims1991artificial,
	Author = {Sims, Karl},
	Date-Added = {2013-03-15 20:07:58 +0100},
	Date-Modified = {2013-03-15 20:07:58 +0100},
	Number = {4},
	Publisher = {ACM},
	Title = {Artificial evolution for computer graphics},
	Journal = {Computer Graphics},
	Volume = {25},
	Year = {1991}}

@article{veldhuizen2000multiobjective,
	Author = {Veldhuizen, David A Van and Lamont, Gary B},
	Date-Added = {2013-03-15 19:45:35 +0100},
	Date-Modified = {2013-03-15 19:45:35 +0100},
	Journal = {Evolutionary computation},
	Number = {2},
	Pages = {125--147},
	Publisher = {MIT Press},
	Title = {Multiobjective evolutionary algorithms: Analyzing the state-of-the-art},
	Volume = {8},
	Year = {2000}}

@inproceedings{COMPAESTH,
	Acmid = {2381222},
	Address = {Aire-la-Ville, Switzerland, Switzerland},
	Author = {Hoenig, Florian},
	Booktitle = {Proceedings of the First Eurographics conference on Computational Aesthetics in Graphics, Visualization and Imaging},
	Doi = {10.2312/COMPAESTH/COMPAESTH05/013-018},
	Isbn = {3-905673-27-4},
	Location = {Girona, Spain},
	Numpages = {6},
	Pages = {13--18},
	Publisher = {Eurographics Association},
	Series = {Computational Aesthetics'05},
	Title = {Defining computational aesthetics},
	Url = {http://dx.doi.org/10.2312/COMPAESTH/COMPAESTH05/013-018},
	Year = {2005},
	Bdsk-Url-1 = {http://dx.doi.org/10.2312/COMPAESTH/COMPAESTH05/013-018}}

@inproceedings{sims1994evolving,
	Author = {Sims, Karl},
	Booktitle = {Proceedings of the 21st annual conference on Computer graphics and interactive techniques},
	Date-Added = {2013-03-13 15:30:05 +0100},
	Date-Modified = {2013-03-13 15:30:05 +0100},
	Organization = {ACM},
	Pages = {15--22},
	Title = {Evolving virtual creatures},
	Year = {1994}}

@inproceedings{aguilar2008robotic,
	Author = {Aguilar, Carlos and Lipson, Hod},
	Booktitle = {Proceedings of the 11th Generative Art Conference (GA2008), Politecnico di Milano University, Milan, Italy},
	Date-Added = {2013-03-13 15:27:57 +0100},
	Date-Modified = {2013-03-13 15:27:57 +0100},
	Title = {A robotic system for interpreting images into painted artwork},
	Year = {2008}}

@article{draves2006electric,
	Author = {Draves, Scott},
	Date-Added = {2013-03-13 15:25:43 +0100},
	Date-Modified = {2013-03-13 15:25:43 +0100},
	Journal = {ACM SIGEVOlution},
	Number = {2},
	Pages = {10--16},
	Publisher = {ACM},
	Title = {The electric sheep},
	Volume = {1},
	Year = {2006}}

@inproceedings{del2005benford,
	Author = {Del Acebo, Esteve and Sbert, Mateu},
	Booktitle = {Computational Aesthetics in Graphics, Visualization and Imaging},
	Date-Added = {2013-03-13 15:11:12 +0100},
	Date-Modified = {2013-03-13 15:11:12 +0100},
	Organization = {The Eurographics Association},
	Pages = {169--176},
	Title = {Benford's law for natural and synthetic images},
	Year = {2005}}

@article{machado1998computing,
	Author = {Machado, Penousal and Cardoso, Am{\'\i}lcar},
	Date-Added = {2013-03-13 15:08:03 +0100},
	Date-Modified = {2013-03-13 15:08:03 +0100},
	Journal = {Advances in Artificial Intelligence},
	Pages = {105--119},
	Publisher = {Springer},
	Title = {Computing aesthetics},
	Year = {1998}}

@book{birkhoff2003aesthetic,
	Author = {Birkhoff, G.D.},
	Date-Added = {2013-03-12 17:33:07 +0100},
	Date-Modified = {2013-03-12 17:33:07 +0100},
	Isbn = {9780766130944},
	Lccn = {33007110},
	Publisher = {Harvard University Press},
	Title = {Aesthetic Measure 1933},
	Url = {http://books.google.es/books?id=F8A-UF8QgckC},
	Year = {2003},
	Bdsk-Url-1 = {http://books.google.es/books?id=F8A-UF8QgckC}}

@book{Birkhoff:1933fk,
	Author = {George David Birkhoff},
	Date-Added = {2013-03-11 17:07:05 +0100},
	Date-Modified = {2013-03-11 17:08:13 +0100},
	Publisher = {Harvard University Press},
	Title = {Aesthetic Measure},
	Year = {1933}}

@article{dipaola2009incorporating,
	Author = {DiPaola, Steve and Gabora, Liane},
	Date-Added = {2013-03-09 14:02:52 +0100},
	Date-Modified = {2013-03-09 14:02:52 +0100},
	Journal = {Genetic Programming and Evolvable Machines},
	Number = {2},
	Pages = {97--110},
	Publisher = {Springer},
	Title = {Incorporating characteristics of human creativity into an evolutionary art algorithm},
	Volume = {10},
	Year = {2009}}

@article{den2011evolving,
	Author = {den Heijer, E and Eiben, A},
	Booktitle = {Applications of Evolutionary Computation},
	Date-Added = {2013-03-09 14:01:59 +0100},
	Date-Modified = {2013-03-12 17:46:38 +0100},
	Journal = {Applications of Evolutionary Computation},
	Pages = {234--243},
	Publisher = {Springer},
	Title = {Evolving art using multiple aesthetic measures},
	Year = {2011}}

@article{li2012investigating,
	Author = {Li, Yang and Hu, Changjun and Chen, Ming and Hu, Jingyuan},
	Date-Added = {2013-03-09 14:01:06 +0100},
	Date-Modified = {2013-03-09 14:01:06 +0100},
	Journal = {Evolutionary and Biologically Inspired Music, Sound, Art and Design},
	Pages = {153--164},
	Publisher = {Springer},
	Title = {Investigating aesthetic features to model human preference in evolutionary art},
	Year = {2012}}

@incollection{galanter2012computational,
	Author = {Galanter, Philip},
	Booktitle = {Computers and Creativity},
	Date-Added = {2013-03-09 13:59:11 +0100},
	Date-Modified = {2013-03-09 13:59:11 +0100},
	Pages = {255--293},
	Publisher = {Springer},
	Title = {Computational aesthetic evaluation: past and future},
	Year = {2012}}

@article{den2012evolving,
	Author = {den Heijer, E and Eiben, A},
	Date-Added = {2013-03-09 13:58:31 +0100},
	Date-Modified = {2013-03-09 13:58:31 +0100},
	Journal = {Evolutionary and Biologically Inspired Music, Sound, Art and Design},
	Pages = {48--59},
	Publisher = {Springer},
	Title = {Evolving Pop Art Using Scalable Vector Graphics},
	Year = {2012}}

@inproceedings{den2010using,
	Author = {den Heijer, E and Eiben, AE},
	Booktitle = {Evolutionary Computation (CEC), 2010 IEEE Congress on},
	Date-Added = {2013-03-09 13:57:01 +0100},
	Date-Modified = {2013-03-09 13:57:01 +0100},
	Organization = {IEEE},
	Pages = {1--8},
	Title = {Using aesthetic measures to evolve art},
	Year = {2010}}

@inproceedings{ross2006evolutionary,
	Author = {Ross, Brian J and Ralph, William and Zong, Hai},
	Booktitle = {Evolutionary Computation, 2006. CEC 2006. IEEE Congress on},
	Date-Added = {2013-03-09 13:56:00 +0100},
	Date-Modified = {2013-03-09 13:56:00 +0100},
	Organization = {IEEE},
	Pages = {1087--1094},
	Title = {Evolutionary image synthesis using a model of aesthetics}}

@article{den2010comparing,
	Author = {Den Heijer, E and Eiben, A},
	Date-Added = {2013-03-08 19:54:14 +0100},
	Date-Modified = {2013-03-08 19:54:14 +0100},
	Journal = {Applications of Evolutionary Computation},
	Pages = {311--320},
	Publisher = {Springer},
	Title = {Comparing aesthetic measures for evolutionary art},
	Year = {2010}}

@book{PROCESSING,
	Author = {Reas, C. and Fry, B.},
	Isbn = {9780262182621},
	Lccn = {06034768},
	Publisher = {Mit Press},
	Series = {Working paper series (National Bureau of Economic Research)},
	Title = {Processing: A Programming Handbook for Visual Designers and Artists},
	Url = {http://books.google.es/books?id=tqW75bfJkxIC},
	Year = {2007},
	Bdsk-Url-1 = {http://books.google.es/books?id=tqW75bfJkxIC}}

@article{OSGILIATH,
	Author = {Garc{\'\i}a-S{\'a}nchez, P. and Gonz{\'a}lez, J. and Castillo, P.A. and Arenas, M.G. and Merelo-Guerv{\'o}s, J.J.},
	Doi = {10.1007/s00500-013-0999-5},
	Issn = {1432-7643},
	Journal = {Soft Computing},
	Keywords = {Evolutionary algorithms; Service oriented architecture; Service oriented science; Web services; Interoperability; Distributed computing},
	Language = {English},
	Note = {10.1007/s00500-013-0999-5},
	Pages = {1-17},
	Publisher = {Springer-Verlag},
	Title = {Service oriented evolutionary algorithms},
	Url = {http://dx.doi.org/10.1007/s00500-013-0999-5},
	Year = {2013},
	Bdsk-Url-1 = {http://dx.doi.org/10.1007/s00500-013-0999-5}}

@incollection{INTROEIBEN,
	Author = {A. Eiben and J.E. Smith},
	Booktitle = {Introduction to Evolutionary Computing},
	Editor = {G. Rozenberg},
	Pages = {15--35},
	Publisher = {Addison Wesley},
	Title = {What is an Evolutionary Algorithm?},
	Year = 2005}

@book{EART,
	Author = {Corne, David W and Bentley, Peter J},
	Publisher = {Morgan Kaufmann},
	Title = {Creative evolutionary systems},
	Year = {2001}}

	@article{COLORDIFFERENCES,
  title={A maximum likelihood investigation into color indexing},
  author={Sebe, Nicu and Lew, Michael S},
  journal={Proceedings Visual Interface},
  pages={101--106},
  year={2000}
}

@inproceedings{PHEROGRAPHY,
  author    = {Carlos M. Fernandes and
               Antonio Mora Garc\'{\i}a and
               Juan Juli{\'a}n Merelo Guerv{\'o}s and
               Agostinho C. Rosa},
  title     = {Pherogenic Drawings - Generating Colored 2-dimensional Abstract
               Representations of Sleep EEG with the KANTS Algorithm},

  year      = {2012},
  pages     = {72-80},
  booktitle     = {IJCCI 2012 - Proceedings of the 4th International Joint
               Conference on Computational Intelligence, Barcelona, Spain,
               5 - 7 October, 2012},
}

