@inbook{eiben2010whatis,
author = {Eiben, A.E. and Smith, J.E.},
chapter = {What is an Evolutionary Algorithm?},
title = {Introduction to Evolutionary Computing},
publisher = {Springer},
year = {2003},
}

@article {SURVEYMOFS,

   author = {Parejo, Jos{\'e} and Ruiz-Cort{\'e}s, Antonio and Lozano, Sebasti{\'a}n and Fernandez, Pablo},

   affiliation = {University of Sevilla, Seville, Spain},

   title = {Metaheuristic optimization frameworks: a survey and benchmarking},

   journal = {Soft Computing - A Fusion of Foundations, Methodologies and Applications},

   publisher = {Springer Berlin / Heidelberg},

   issn = {1432-7643},

   keyword = {Engineering},

   pages = {527-561},

   volume = {16},

   issue = {3},

   url = {http://dx.doi.org/10.1007/s00500-011-0754-8},

   note = {10.1007/s00500-011-0754-8},

   year = {2012},

}

@inproceedings{GRID1,
  author    = {Simon J. Cox and
               Matt J. Fairman and
               Gang Xue and
               Jasmin L. Wason and
               Andy J. Keane},
  title     = {The GRID: Computational and Data Resource Sharing in Engineering
               Optimisation and Design Search},
    booktitle     = {30th International Workshops on Parallel Processing (ICPP
               2001 Workshops), 3-7 September 2001, Valencia, Spain},
  year      = {2001},
  pages     = {207-212},
  publisher = {IEEE Computer Society},
}

@incollection{GRID6,
year={2004},
booktitle={Grid and Cooperative Computing},
volume={3032},
series={Lecture Notes in Computer Science},
title={"Gridifying" Aerodynamic Design Problem Using {GridRPC}},
publisher={Springer Berlin Heidelberg},
author={Ho, Quoc-Thuan and Ong, Yew-Soon and Cai, Wentong},
pages={83-90}
}

@article{GRID10,
 author = {Imade, Hiroaki and Morishita, Ryohei and Ono, Isao and Ono, Norihiko and Okamoto, Masahiro},
 title = {A grid-oriented genetic algorithm framework for bioinformatics},
 journal = {New Gen. Comput.},
 
 volume = {22},
 number = {2},
 month = jan,
 year = {2004},

 pages = {177--186},
 numpages = {10},
 publisher = {Ohmsha},
} 

@article{alba2002parallelism,
  title={Parallelism and evolutionary algorithms},
  author={Alba, Enrique and Tomassini, Marco},
  journal={Evolutionary Computation, IEEE Transactions on},
  volume={6},
  number={5},
  pages={443--462},
  year={2002},
  publisher={IEEE}
}

@article{laredo2010evag,
  author    = {Juan Lu\'{\i}s Jim{\'e}nez Laredo and
               A. E. Eiben and
               Maarten van Steen and
               Juan Juli{\'a}n Merelo Guerv{\'o}s},
  title     = {EvAg: a scalable peer-to-peer evolutionary algorithm},
  journal   = {Genetic Programming and Evolvable Machines},
  volume    = {11},
  number    = {2},
  year      = {2010},
  pages     = {227-246},
  ee        = {http://dx.doi.org/10.1007/s10710-009-9096-z},
  bibsource = {DBLP, http://dblp.uni-trier.de}
}

@article{meri2013cloud,
  title={Cloud-based evolutionary algorithms: An algorithmic study},
  author={Meri, K and Arenas, Maribel Garc{\'\i}a and Mora, Antonio Miguel and Merelo, JJ and Castillo, Pedro A and Garc{\'\i}a-S{\'a}nchez, Pablo and Laredo, Juan Lu{\'\i}s Jim{\'e}nez},
  journal={Natural Computing},
  pages={1--13},
  year={2013},
  publisher={Springer}
}