
@book{GP_Koza92,
    author  = {J. R. Koza},
    title   = {Genetic Programming: On the programming of computers by means of natural selection},
    publisher   = {MIT Press},
    year    = 1992,
    address = {Cambridge, MA},
}

@book{GAs_Michalewicz96,
	title = {Genetic Algorithms + Data Structures = Evolution Programs},
	author = {Zbigniew Michalewicz},
	publisher = {Springer},
	edition= "Third",
	year = {1996}
}

@book{GA_Goldberg89,
  author = 	 "David E. Goldberg",
  title = 	 "Genetic Algorithms in search, optimization and
		  machine learning",
  publisher = 	 "Addison Wesley",
  year = 	 1989
}

@MISC{UnrealWiki,
   AUTHOR = {Wikipedia},
	TITLE        = {Unreal --- Wikipedia, The Free Encyclopedia},
	NOTE         = {http://en.wikipedia.org/wiki/Unreal},
   YEAR			 = 2009
}

@MISC{2KBotPrize,
   AUTHOR = {2K-Games},
	TITLE        = {The 2K BotPrize competition},
	NOTE         = {http://www.botprize.org},
   YEAR			 = 2012
}

@BOOK{FSM_Booth,
	AUTHOR       = "Taylor L. Booth",
	TITLE        = "Sequential Machines and Automata Theory",
	PUBLISHER    = "John Wiley and Sons, Inc.",
	YEAR         = "1967",
	ADDRESS      = "New York",
	EDITION      = "1st"
}

@article{Laird_2001,
  title={{Using a computer game to develop advanced AI}},
  author={J. E. Laird},
  journal={Computer},
  pages={70--75},
  year={2001},
  publisher={IEEE Computer Society}
}

@TECHREPORT{LairdSOAR,
	AUTHOR       = "J. E. Laird",
	TITLE        = "It Knows What You're Going to Do:
Adding Anticipation to a Quakebot",
	YEAR         = "2000",
	TYPE         = "AAAI 2000 Spring Symposium Series: Artificial Intelligence and Interactive Entertainment",
	NUMBER       = "SS-00-02",
	MONTH        = "March"
}

@inproceedings{Hong_CIG2005,
  author    = {Jin-Hyuk Hong and
               Sung-Bae Cho},
  title     = {Evolving Reactive {NPC}s for the Real-Time Simulation Game},
  booktitle = {Proceedings of the 2005 IEEE Symposium on Computational
               Intelligence and Games (CIG05)},
  location = {  Essex University, Colchester, Essex, UK},
  month = {4-6 April},
  year      = {2005}
}

@inproceedings{Zanetti_ACE04,
 author = {Stephano Zanetti and Abdennour El Rhalibi},
 title = {Machine learning techniques for {FPS} in {Q3}},
 booktitle = {ACE '04: Proceedings of the 2004 ACM SIGCHI International Conference on Advances in computer entertainment technology},
 year = {2004},
 pages = {239--244},
 publisher = {ACM},
 address = {New York, NY, USA},
 }

@INPROCEEDINGS{Agent_Smith_CEC2009,
title={Agent {S}mith: Towards an evolutionary rule-based agent for interactive dynamic games},
author={R. Small and C. Bates-Congdon},
booktitle={IEEE Congress on Evolutionary Computation 2009 (CEC'09)},
year={2009},
month={May},
pages={660-666},
doi={10.1109/CEC.2009.4983008},
ISSN={}, }

@INPROCEEDINGS{Priesterjahn_CEC06,
title={Evolution of Human-Competitive Agents in Modern Computer Games},
author={Steffen Priesterjahn and Oliver Kramer and Alexander Weimer and Andreas Goebels},
booktitle={IEEE World Congress on Computational Intelligence 2006 (WCCI'06)},
year={2006},
pages={777-784}
}

@INPROCEEDINGS{Priesterjahn_AISB05,
title={Stigmergetic Communication for Cooperative Agent Routing in Virtual Environments},
author={Steffen Priesterjahn and Andreas Goebels and Alexander Weimer },
booktitle={International Conference on Artificial Intelligence and the Simulation of Behaviour (AISB'05)},
year={2005}
}

@article{NN_FPS_IEICE2006,
 author = {Cho, Byeong Heon and Jung, Sung Hoon and Seong, Yeong Rak and Oh, Ha Ryoung},
 title = {Exploiting Intelligence in Fighting Action Games Using Neural Networks},
 journal = {IEICE - Trans. Inf. Syst.},
 volume = {E89-D},
 number = {3},
 year = {2006},
 issn = {0916-8532},
 pages = {1249--1256},
 doi = {http://dx.doi.org/10.1093/ietisy/e89-d.3.1249},
 publisher = {Oxford University Press},
 address = {Oxford, UK},
 }

@inproceedings{Thurau_BS03,
  author    = {Christian Thurau and
               Christian Bauckhage and
               Gerhard Sagerer},
  title     = {Combining Self Organizing Maps and Multilayer Perceptrons
               to Learn Bot-Behaviour for a Commercial Game},
  booktitle = {GAME-ON},
  year      = {2003},
  pages     = {119-123},
  crossref  = {DBLP:conf/gameon/2003}
}

@proceedings{DBLP:conf/gameon/2003,
  editor    = {Quasim H. Mehdi and
               Norman E. Gough and
               St{\'e}phane Natkine},
  title     = {4th International Conference on Intelligent Games and Simulation
               (GAME-ON 2003), 19-21 November 2003, London, UK},
  booktitle = {GAME-ON},
  publisher = {EUROSIS},
  year      = {2003},
  isbn      = {9-0773-8105-8}
}

@INPROCEEDINGS{NN_botshumans_IJCNN2008,
title={Bots trained to play like a human are more fun},
author={Soni, B. and Hingston, P.},
booktitle={IEEE International Joint Conference on Neural Networks, IJCNN'08},
year={2008},
month={June},
pages={363-369},
doi={10.1109/IJCNN.2008.4633818},
ISSN={1098-7576}}

@INPROCEEDINGS{Schrum_CIG09,
    title={Evolving Multi-modal Behavior in {NPC}s},
    author={Jacob Schrum and Risto Miikkulainen},
    booktitle={Computational Intelligence and Games, 2009. CIG 2009. IEEE Symposium On},
    year={2009},
    month={Sept.},
    pages={325--332}}

@InProceedings{Unreal-AEB02,
  author = {R. Montoya and A. Mora and Juan Julián Merelo},
  title =  {Evolución Nativa de personajes de juegos de ordenador},
  year = {2002},
  month = {Febrero},
  pages = {212--219},
  crossref = {aeb02}
}
@Proceedings{aeb02,
  booktitle = {Actas primer congreso español algoritmos evolutivos, AEB'02},
  year =		 2002,
  month =		 {February},
  key = {AEB02},
  publisher =	 {Universidad de Extremadura},
editor =  {E. Alba et al.}
}

@INPROCEEDINGS{Mora_Unrealbot_EVO2010,
title={Evolving Bot {AI} in {U}nreal},
author={Antonio Miguel Mora and Ramón Montoya and Juan Julián Merelo and Pablo García-Sánchez and Pedro Angel Castillo and Juan Luis Jiménez Laredo and Anaís Martínez and Anna Isabel Esparcia},
booktitle={Applications of Evolutionary Computing, Part I},
year={2010},
month={May},
editor={C. Di Chio et al.},
publisher = {Springer},
series    = {LNCS},
volume    = {6024},
pages={170--179}}

@inproceedings{Mora_UnrealTeams_CIG2010,
  author    = {Antonio Miguel Mora and
               M. A. Moreno and
               Juan Juli{\'a}n Merelo and
               Pedro A. Castillo and
               Maribel Garc\'{\i}a Arenas and
               Juan Lu\'{\i}s Jim{\'e}nez Laredo},
  title     = {Evolving the cooperative behaviour in Unreal; bots},
  booktitle = {CIG},
  year      = {2010},
  pages     = {241-248},
  ee        = {http://doi.ieeecomputersociety.org/10.1109/ITW.2010.5593347},
  crossref  = {DBLP:conf/cig/2010},
  bibsource = {DBLP, http://dblp.uni-trier.de}
}

@proceedings{DBLP:conf/cig/2010,
  editor    = {Georgios N. Yannakakis and
               Julian Togelius},
  title     = {Proceedings of the 2010 IEEE Conference on Computational
               Intelligence and Games, CIG 2010, Copenhagen, Denmark, 18-21
               August, 2010},
  booktitle = {CIG},
  publisher = {IEEE},
  year      = {2010},
  isbn      = {978-1-4244-6295-7},
  ee        = {http://ieeexplore.ieee.org/xpl/mostRecentIssue.jsp?punumber=5581175},
  bibsource = {DBLP, http://dblp.uni-trier.de}
}

@inproceedings{Anna_UnrealMO_CEC2010,
  author    = {Anna Isabel Esparcia-Alc{\'a}zar and
               Ana\'{\i}s Mart\'{\i}nez-Garc\'{\i}a and
               Antonio Miguel Mora and
               Juan Juli{\'a}n Merelo and
               Pablo Garc\'{\i}a-S{\'a}nchez},
  title     = {Genetic evolution of fuzzy finite state machines to control
               bots in a first-person shooter game},
  booktitle = {GECCO},
  year      = {2010},
  pages     = {829-830},
  ee        = {http://doi.acm.org/10.1145/1830483.1830633},
  crossref  = {DBLP:conf/gecco/2010},
  bibsource = {DBLP, http://dblp.uni-trier.de}
}

@proceedings{DBLP:conf/gecco/2010,
  editor    = {Martin Pelikan and
               J{\"u}rgen Branke},
  title     = {Genetic and Evolutionary Computation Conference, GECCO 2010,
               Proceedings, Portland, Oregon, USA, July 7-11, 2010},
  booktitle = {GECCO},
  publisher = {ACM},
  year      = {2010},
  isbn      = {978-1-4503-0072-5},
  bibsource = {DBLP, http://dblp.uni-trier.de}
}


@MISC{Pogamut3,
	AUTHOR       = "WEB",
	TITLE        = {Pogamut 3 Project},
	NOTE         = {http://pogamut.cuni.cz/main/tiki-index.php}
}

@MISC{GameBots,
	AUTHOR       = "{WEB}",
	TITLE        = {GameBots Project},
	NOTE         = {http://gamebots.sourceforge.net/}
}

@inproceedings{Bakkes_SP04,
  author    = {Sander Bakkes and
               Pieter Spronck and
               Eric O. Postma},
  title     = {TEAM: The Team-Oriented Evolutionary Adaptability Mechanism},
  booktitle = {ICEC},
  year      = {2004},
  pages     = {273--282},
  ee        = {http://springerlink.metapress.com/openurl.asp?genre=article{\&}issn=0302-9743{\&}volume=3166{\&}spage=273},
  crossref  = {DBLP:conf/iwec/2004}
}

@proceedings{DBLP:conf/iwec/2004,
  editor    = {Matthias Rauterberg},
  title     = {Entertainment Computing - ICEC 2004, Third International
               Conference, Eindhoven, The Netherlands, September 1-3, 2004,
               Proceedings},
  booktitle = {ICEC},
  publisher = {Springer},
  series    = {Lecture Notes in Computer Science},
  volume    = {3166},
  year      = {2004},
  isbn      = {3-540-22947-7}
}

@inproceedings{Doherty_O08,
  author    = {Darren Doherty and
               Colm O'Riordan},
  title     = {Effects of Communication on the Evolution of Squad Behaviours},
  booktitle = {AIIDE},
  year      = {2008},
  crossref  = {DBLP:conf/aiide/2008}
}

@proceedings{DBLP:conf/aiide/2008,
  editor    = {Christian Darken and
               Michael Mateas},
  title     = {Proceedings of the Fourth Artificial Intelligence and Interactive
               Digital Entertainment Conference, October 22-24, 2008, Stanford,
               California, USA},
  booktitle = {AIIDE},
  publisher = {The AAAI Press},
  year      = {2008},
  isbn      = {978-1-57735-391-1}
}


@inproceedings{Jacobs_Control_UT2k4_GOLOG,
  author    = {S. Jacobs and A. Ferrein and G. Lakemeyer},
  title     = {Controlling Unreal Tournament 2004 bots with the logic-based action language GOLOG},
  booktitle = {Proceedings of the First Artificial Intelligence and Interactive
               Digital Entertainment Conference},
  year      = {2005}
}

@INPROCEEDINGS{Hoorn_hierarchical_controller_CIG09,
    title={Hierarchical controller learning in a First-Person Shooter},
    author={N. van Hoorn and J. Togelius and J. Schmidhuber},
    booktitle={Computational Intelligence and Games, 2009. CIG 2009. IEEE Symposium On},
    year={2009},
    month={Sept.},
    pages={294--301}}


@inproceedings{cole_GAtuning_cec2004,
  added-at = {2008-02-26T11:58:58.000+0100},
  author = {Cole, Nicholas and Louis, Sushil J. and Miles, Chris},
  booktitle = {Proceedings of the IEEE Congress on Evolutionary Computation 2004},
  title = {Using a genetic algorithm to tune first-person shooter bots},
  pages = {139--145},
  year = 2004
}

@inproceedings{Bhuman_bots_play_human_IJCNN2008,
  author    = {Bhuman Soni and
               Philip Hingston},
  title     = {Bots trained to play like a human are more fun},
  booktitle = {IJCNN},
  publisher = {IEEE},	
  year      = {2008},
  pages     = {363--369}
}

%@proceedings{DBLP:conf/ijcnn/2008,
%  title     = {Proceedings of the International Joint Conference on Neural
%               Networks, IJCNN 2008, part of the IEEE World Congress on
%               Computational Intelligence, WCCI 2008, Hong Kong, China,
%               June 1-6, 2008},
%  booktitle = {IJCNN},
%  publisher = {IEEE},
%  year      = {2008},
%  bibsource = {DBLP, http://dblp.uni-trier.de}
%}


@inproceedings{Karpov_exploration-based_learning_CIG06,
  author    = {Igor Karpov and
               Thomas D'Silva and
               Craig Varrichio and
               Kenneth O. Stanley and
               Risto Miikkulainen},
  title     = {Integration and Evaluation of Exploration-Based Learning
               in Games},
  booktitle = {CIG},
  year      = {2006},
  pages     = {39-44},
  ee        = {http://dx.doi.org/10.1109/CIG.2006.311679},
  crossref  = {DBLP:conf/cig/2006},
  bibsource = {DBLP, http://dblp.uni-trier.de}
}

@proceedings{DBLP:conf/cig/2006,
  editor    = {Sushil J. Louis and
               Graham Kendall},
  title     = {Proceedings of the 2006 IEEE Symposium on Computational
               Intelligence and Games (CIG06), University of Nevada, Reno,
               campus in Reno/Lake Tahoe, 22-24 May, 2006},
  booktitle = {CIG},
  publisher = {IEEE},
  year      = {2006},
  ee        = {http://ieeexplore.ieee.org/xpl/mostRecentIssue.jsp?punumber=4084001},
  bibsource = {DBLP, http://dblp.uni-trier.de}
}



@inproceedings{Learningtobeabot_aiidee08,
  author    = {Michelle McPartland and
               Marcus Gallagher},
  title     = {Learning to be a Bot: Reinforcement Learning in Shooter
               Games},
  booktitle = {AIIDE},
  year      = {2008},
  crossref  = {DBLP:conf/aiide/2008},
  bibsource = {DBLP, http://dblp.uni-trier.de}
}

@inproceedings{Multi_purpose_FPS_bot_CIG08,
  author    = {Michelle McPartland and
               Marcus Gallagher},
  title     = {Creating a multi-purpose first person shooter bot with reinforcement
               learning},
  booktitle = {CIG},
  year      = {2008},
  pages     = {143-150},
  ee        = {http://dx.doi.org/10.1109/CIG.2008.5035633},
  crossref  = {DBLP:conf/cig/2008},
  bibsource = {DBLP, http://dblp.uni-trier.de}
}

@proceedings{DBLP:conf/cig/2008,
  editor    = {Philip Hingston and
               Luigi Barone},
  title     = {Proceedings of the 2008 IEEE Symposium on Computational
               Intelligence and Games, CIG 2009, Perth, Australia, 15-18
               December, 2008},
  booktitle = {CIG},
  publisher = {IEEE},
  year      = {2008},
  isbn      = {978-1-4244-2973-8},
  ee        = {http://ieeexplore.ieee.org/xpl/mostRecentIssue.jsp?punumber=4967991},
  bibsource = {DBLP, http://dblp.uni-trier.de}
}

@inproceedings{Mora_noisy_Genebot_EVO2012,
  author    = {Antonio Miguel Mora and
               Antonio Fern{\'a}ndez-Ares and
               Juan Juli{\'a}n Merelo and
               Pablo Garc\'{\i}a-S{\'a}nchez},
  title     = {Dealing with Noisy Fitness in the Design of a RTS Game Bot},
  booktitle = {EvoApplications},
  year      = {2012},
  pages     = {234-244},
  ee        = {http://dx.doi.org/10.1007/978-3-642-29178-4_24},
  crossref  = {DBLP:conf/evoW/2012a},
  bibsource = {DBLP, http://dblp.uni-trier.de}
}

@proceedings{DBLP:conf/evoW/2012a,
  editor    = {C. Di Chio et al.},
  title     = {Applications of Evolutionary Computation - EvoApplications
               2012: EvoGAMES, M{\'a}laga,
               Spain, April 11-13, 2012, Proceedings},
  booktitle = {EvoApplications},
  publisher = {Springer},
  series    = {Lecture Notes in Computer Science},
  volume    = {7248},
  year      = {2012},
  isbn      = {978-3-642-29177-7},
  ee        = {http://dx.doi.org/10.1007/978-3-642-29178-4},
  bibsource = {DBLP, http://dblp.uni-trier.de}
}

