% This file was created with JabRef 2.9.2.
% Encoding: Cp1252

@INPROCEEDINGS{AlhejaliLucas11,
  author = {A.M. Alhejali and S.M. Lucas},
  title = {Using a training camp with {Genetic Programming} to evolve {Ms Pac-Man}
	agents},
  booktitle = {Proceedings of the 2011 IEEE Conference on Computational Intelligence
	and Games (CIG 2011)},
  year = {2011},
  pages = {118--125},
  owner = {Federico},
  timestamp = {2013.10.14}
}

@INPROCEEDINGS{Alhejali10,
  author = {A.M. Alhejali and S.M. Lucas},
  title = {Evolving diverse {Ms. Pac-Man} playing agents using genetic programming},
  booktitle = {Proceedings of the 2010 UK Workshop on Computational Intelligence
	(UKCI 2010)},
  year = {2010},
  pages = {1--6},
  owner = {Federico},
  timestamp = {2013.10.14}
}

@BOOK{EAs_Back96,
  title = {Evolutionary algorithms in theory and practice},
  publisher = {Oxford University Press},
  year = {1996},
  author = {T. B\"ack},
  owner = {Federico},
  timestamp = {2013.10.14}
}

@INBOOK{BeniWang89,
  chapter = {Swarm intelligence in cellular robotic systems},
  pages = {703--712},
  title = {Robots and Biological Systems: Towards a New Bionics?},
  publisher = {SPRINGER-Verlag},
  year = {1993},
  editor = {P. Dario and G. Sandini and P. Aebischer},
  author = {G. Beni and J. Wang},
  volume = {102},
  series = {NATO ASI Series F: Computer and Systems Sciences},
  booktitle = {Proceedings of the NATO Advanced Workshop on Robots and Biological
	Systems},
  owner = {Federico},
  timestamp = {2013.10.14}
}

@INPROCEEDINGS{Brandstetter12,
  author = {M.F. Brandstetter and S. Ahmadi},
  title = {Reactive control of {Ms. Pac Man} using information retrieval based
	on {Genetic Programming}},
  booktitle = {Proceedings of the 2012 IEEE Conference on Computational Intelligence
	and Games (CIG 2012)},
  year = {2012},
  pages = {250--256},
  owner = {Federico},
  timestamp = {2013.10.14}
}

@INPROCEEDINGS{Burrow09,
  author = {P. Burrow and S.M. Lucas},
  title = {Evolution versus {Temporal Difference Learning} for learning to play
	{Ms. Pac-Man}},
  booktitle = {Proceedings of the IEEE Symposium on Computational Intelligence and
	Games (CIG 2009)},
  year = {2009},
  pages = {53--60},
  owner = {Federico},
  timestamp = {2013.10.14}
}

@INPROCEEDINGS{Cardona13,
  author = {A.B. Cardona and J. Togelius and M.J. Nelson},
  title = {Competitive coevolution in {Ms. Pac-Man}},
  booktitle = {Proceedings of the 2013 IEEE Congress on Evolutionary Computation
	(CEC 2013)},
  year = {2013},
  pages = {1403--1410},
  owner = {Federico},
  timestamp = {2013.10.14}
}

@INPROCEEDINGS{Gagne2012,
  author = {D.J. Gagne and C.B. Congdon},
  title = {{FRIGHT}: A flexible rule-based intelligent ghost team for {Ms. Pac-Man}},
  booktitle = {Proceedings of the 2012 IEEE Conference on Computational Intelligence
	and Games (CIG 2012)},
  year = {2012},
  pages = {273--280},
  owner = {Federico},
  timestamp = {2013.10.18}
}

@INPROCEEDINGS{Gallagher03,
  author = {M. Gallagher},
  title = {Learning to play {Pac-Man}: an evolutionary, rule-based approach},
  booktitle = {Proceedings of the 2003 Congress on Evolutionary Computation (CEC
	2003)},
  year = {2003},
  pages = {2462--2469},
  owner = {Federico},
  timestamp = {2013.10.14}
}

@INPROCEEDINGS{Galvan-Lopez10,
  author = {E. Galv\'an-L\'opez},
  title = {Comparing the performance of the evolvable {$\pi$Grammatical Evolution}
	genotype-phenotype map to {Grammatical Evolution} in the dynamic
	{Ms. Pac-Man} environment},
  booktitle = {Proceedings of the 2010 IEEE Congress on Evolutionary Computation
	(CEC 2010)},
  year = {2010},
  pages = {1--8},
  owner = {Federico},
  timestamp = {2013.10.14}
}

@ARTICLE{GAs_Goldberg89,
  author = {D.E. Goldberg and B. Korb and K. Deb},
  title = {Messy genetic algorithms: motivation, analysis, and first results},
  journal = {Complex Systems},
  year = {1989},
  volume = {3(5)},
  pages = {493--530},
  owner = {Federico},
  timestamp = {2013.10.14}
}

@INPROCEEDINGS{Jia-Yue11,
  author = {D. Jia-Yue and L. Yan and C. Jun-Fen and Z. Feng},
  title = {Evolutionary neural network for ghost in {Ms. Pac-Man}},
  booktitle = {Proceedings of the 2011 International Conference on Machine Learning
	and Cybernetics (ICMLC 2011)},
  year = {2011},
  volume = {2},
  pages = {732--736},
  owner = {Federico},
  timestamp = {2013.10.14}
}

@INPROCEEDINGS{Keunhyun10,
  author = {O. Keunhyun and C. Sung-Bae},
  title = {A hybrid method of {Dijkstra} algorithm and evolutionary neural network
	for optimal {Ms. Pac-Man} agent},
  booktitle = {Proceedings of the 2010 Second World Congress on Nature and Biologically
	Inspired Computing (NaBIC 2010=},
  year = {2010},
  pages = {239--243},
  owner = {Federico},
  timestamp = {2013.10.14}
}

@INPROCEEDINGS{Lucas05,
  author = {S.M. Lucas},
  title = {Evolving a Neural Network Location Evaluator to Play {Ms. Pac-Man}},
  booktitle = {Proceedings of the IEEE Symposium on Computational Intelligence and
	Games (CIG 2005)},
  year = {2005},
  owner = {Federico},
  timestamp = {2013.10.14}
}

@INPROCEEDINGS{cooperativebots_CIG2010,
  author = {A.M. Mora and M.A. Moreno and J.J. Merelo and P.A. Castillo and M.I.
	García-Arenas and J.L.J. Laredo},
  title = {Evolving the cooperative behaviour in {Unreal}\texttrademark~ bots},
  booktitle = {Proceedings of the 2010 IEEE Conference on Computational Intelligence
	and Games (CIG 2010)},
  year = {2010},
  pages = {241--248},
  publisher = {IEEE Press},
  owner = {Federico},
  timestamp = {2013.10.14}
}

@ARTICLE{Nguyen2013,
  author = {K.Q. Nguyen and R. Thawonmas},
  title = {{Monte Carlo Tree Search} for Collaboration Control of Ghosts in
	{Ms. Pac-Man}},
  journal = {IEEE Transactions on Computational Intelligence and AI in Games},
  year = {2013},
  volume = {5(1)},
  pages = {57--68},
  owner = {Federico},
  timestamp = {2013.10.18}
}

@INPROCEEDINGS{Nguyen2011,
  author = {K.Q. Nguyen and R. Thawonmas},
  title = {Applying {Monte-Carlo Tree Search} to collaboratively controlling
	of a {Ghost Team} in {Ms Pac-Man}},
  booktitle = {Proceedings of the 2011 IEEE International Games Innovation Conference
	(IGIC 2011)},
  year = {2011},
  pages = {8--11},
  owner = {Federico},
  timestamp = {2013.10.18}
}

@ARTICLE{Reynolds87,
  author = {C.W. Reynolds},
  title = {Flocks, herds and schools: a distributed behavioral model},
  journal = {Computer Graphics},
  year = {1987},
  volume = {21(4)},
  pages = {25--34},
  owner = {Federico},
  timestamp = {2013.10.14}
}

@INPROCEEDINGS{MsPacManVSGhost2011,
  author = {P. Rohlfshagen and S.M. Lucas},
  title = {{Ms Pac-Man} versus {Ghost Team} {CEC 2011 competition}},
  booktitle = {Proceedings of the 2011 IEEE Congress on Evolutionary Computation
	(CEC 2011)},
  year = {2011},
  pages = {70--77},
  publisher = {IEEE Press},
  owner = {Federico},
  timestamp = {2013.10.14}
}

@INBOOK{Scutt02,
  chapter = {Simple swarms as an alternative to flocking},
  pages = {202--208},
  title = {{AI Game Programming Wisdom}},
  publisher = {Charles River Media},
  year = {2002},
  editor = {S. Rabin},
  author = {T. Scutt},
  owner = {Federico},
  timestamp = {2013.10.14}
}

@INPROCEEDINGS{Sombat2012,
  author = {W. Sombat and P. Rohlfshagen and S.M. Lucas},
  title = {Evaluating the enjoyability of the ghosts in {Ms Pac-Man}},
  booktitle = {Proceedings of the 2012 IEEE Conference on Computational Intelligence
	and Games (CIG 2012)},
  year = {2012},
  pages = {379--387},
  owner = {Federico},
  timestamp = {2013.10.18}
}

@INPROCEEDINGS{SpectorEtAl03,
  author = {L. Spector and J. Klein and C. Perry and M. Feinstein},
  title = {Emergence of collective behavior in evolving populations of flying
	agents},
  booktitle = {Proceedings of the Genetic and Evolutionary Computation Conference
	(GECCO 2003)},
  year = {2003},
  pages = {61--73},
  owner = {Federico},
  timestamp = {2013.10.14}
}

@ARTICLE{evolutionary_learning-offline,
  author = {P. Spronck and I. Sprinkhuizen-Kuyper and E. Postma},
  title = {Improving opponent intelligence through offline evolutionary learning},
  journal = {International Journal of Intelligent Games and Simulation},
  year = {2003},
  volume = {2(1)},
  pages = {20--27},
  owner = {Federico},
  timestamp = {2013.10.14}
}

@INPROCEEDINGS{Svensson2012,
  author = {J. Svensson and S.J. Johansson},
  title = {{Influence Map-based} controllers for {Ms. PacMan} and the ghosts},
  booktitle = {Proceedings of the 2012 IEEE Conference on Computational Intelligence
	and Games (CIG 2012)},
  year = {2012},
  pages = {257--264},
  owner = {Federico},
  timestamp = {2013.10.18}
}

@INPROCEEDINGS{Thawonmas10,
  author = {R. Thawonmas},
  title = {Evolution strategy for optimizing parameters in {Ms Pac-Man} controller
	{ICE Pambush 3}},
  booktitle = {Proceedings of the 2010 IEEE Symposium on Computational Intelligence
	and Games (CIG 2010)},
  year = {2010},
  pages = {235--240},
  owner = {Federico},
  timestamp = {2013.10.14}
}

