@article{kumar2012gamification,
  title={Gamification in Education-Learn Computer Programming with Fun},
  author={Kumar, Balraj},
  journal={INTERNATIONAL JOURNAL OF COMPUTERS \& DISTRIBUTED SYSTEMS},
  volume={2},
  number={1},
  pages={46--53},
  year={2012}
}

@article{resnick2009scratch,
  title={Scratch: programming for all},
  author={Resnick, Mitchel and Maloney, John and Monroy-Hern{\'a}ndez, Andr{\'e}s and Rusk, Natalie and Eastmond, Evelyn and Brennan, Karen and Millner, Amon and Rosenbaum, Eric and Silver, Jay and Silverman, Brian and others},
  journal={Communications of the ACM},
  volume={52},
  number={11},
  pages={60--67},
  year={2009},
  publisher={ACM}
}


@article{urquiza2009survey,
  title={A survey of successful evaluations of program visualization and algorithm animation systems},
  author={Urquiza-Fuentes, Jaime and Vel{\'a}zquez-Iturbide, J {\'A}ngel},
  journal={ACM Transactions on Computing Education (TOCE)},
  volume={9},
  number={2},
  pages={9},
  year={2009},
  publisher={ACM}
}

@article{myers1990taxonomies,
  title={Taxonomies of visual programming and program visualization},
  author={Myers, Brad A},
  journal={Journal of Visual Languages \& Computing},
  volume={1},
  number={1},
  pages={97--123},
  year={1990},
  publisher={Elsevier}
}


@incollection{softwarevisualization,
author = {Diehl S},
year={2007},
isbn={978-3-540-46504-1},
booktitle={Software Visualization},
doi={10.1007/978-3-540-46505-8_2},
title={Visualization Basics},
url={http://dx.doi.org/10.1007/978-3-540-46505-8_2},
publisher={Springer Berlin Heidelberg},
pages={15-33},
language={English}
}

@booklet{AliceOnline,
author = {Alice},
title = {http://www.alice.org/},
year = {2013},
url = {http://www.alice.org/}
}


@booklet{ScatchOnline,
author = {Scratch},
title = {http://scratch.mit.edu/},
year = {2013},
url = {http://scratch.mit.edu/}
}


@booklet{etoysOnline,
author = {Squeak Etoys},
title = {http://www.squeakland.org/},
year = {2013},
url = {http://www.squeakland.org/}
}

@article{tenny1988program,
  title={Program readability: Procedures versus comments},
  author={Tenny, Ted},
  journal={Software Engineering, IEEE Transactions on},
  volume={14},
  number={9},
  pages={1271--1279},
  year={1988},
  publisher={IEEE}
}



@inproceedings{baecker1988enhancing,
  title={Enhancing program readability and comprehensibility with tools for program visualization},
  author={Baecker, Ronald},
  booktitle={Software Engineering, 1988., Proceedings of the 10th International Conference on},
  pages={356--366},
  year={1988},
  organization={IEEE}
}


@article{lee2011gamification,
  title={Gamification in education: What, how, why bother?},
  author={Lee, Joey J and Hammer, Jessica},
  journal={Academic Exchange Quarterly},
  volume={15},
  number={2},
  pages={146},
  year={2011}
}
